3098 5126
755 416 951 482 ..tr-

354 563 517 660 catalogo
547 561 749 657 rhythmico
781 559 997 656 scriptorum
1027 583 1213 655 syrorum,
1242 583 1356 654 -quem

228 750 233 761 ,
355 671 531 744 confecit:

513 826 614 900 Hibas,
629 829 733 885 Cumas
747 838 776 884 et
788 824 900 884 Probus

513 921 537 974 E
550 935 645 996 graeco
657 916 689 974 in
703 916 848 994 syriacum

512 1005 731 1066 transtulerunt
742 1003 833 1064 libros
848 1005 1077 1062 Commentatort’s

512 1100 608 1172 Atque
621 1093 782 1165 Aristotelis
797 1092 927 1174 scripta¹.

356 1239 619 1308 Commentator
657 1235 716 1306 ille
752 1250 806 1308 est
837 1232 1047 1306 Theodorus
1084 1239 1358 1331 Mopsuestenus

352 1369 462 1441 quern
479 1344 615 1416 oraculi
640 1344 723 1416 loco
748 1341 932 1416 habebant
949 1343 1040 1439 Syri.
1068 1345 1136 1414 Res
1153 1341 1264 1414 dubia
1281 1367 1357 1414 esse

352 1477 428 1524 non
442 1466 574 1549 potest,
591 1476 706 1549 quum
726 1450 871 1523 aliunde
888 1465 1029 1522 constet
1052 1449 1284 1522 Theodorum
1306 1453 1357 1524 sic

353 1559 571 1657 appellatum
587 1559 664 1632 κατ’
687 1557 797 1655 lippis
822 1559 919 1657 apud
942 1561 1078 1656 Syms',
1098 1558 1247 1658 aliisque
1265 1562 1358 1632 testi·

352 1668 483 1739 moniis
508 1668 705 1740 doceamur
721 1667 823 1738 lbam
840 1691 861 1739 a
880 1667 1072 1739 Theodoro
1094 1668 1266 1740 translato
1295 1673 1356 1738 In·

353 1777 521 1870 terpretis
537 1799 674 1850 nomen
688 1790 837 1847 nactum
854 1777 959 1846 esse³.

399 1881 471 1970 Qui
488 1906 576 1952 vero
593 1895 677 1952 sunt
694 1881 744 1953 illi
763 1881 838 1952 duo
861 1880 931 1953 lbae
953 1882 1136 1978 adjutores
1152 1883 1321 1980 adscripti
1339 1883 1354 1952 i

350 1993 404 2060 De
413 1992 527 2060 Cuma
538 2013 613 2060 non
623 1988 730 2060 aliam
746 1991 969 2061 mentionem
986 1989 1083 2088 apud
1100 1991 1291 2088 scriptores
1301 2015 1354 2064 re·

350 2097 464 2193 perio.
479 2096 617 2168 Probus
629 2099 797 2170 antemio
813 2121 923 2196 opere
940 2098 986 2170 de
995 2099 1145 2170 historia
1159 2099 1210 2170 rei
1227 2097 1353 2170 littera·

350 2205 410 2274 riae
422 2204 592 2294 Arabum,
607 2205 709 2301 quod
722 2220 872 2277 vocatur
883 2206 1196 2294 Kttnnet-thrztt,
1214 2229 1353 2277 memo-

349 2327 461 2400 ratur,
469 2310 591 2409 ibique
601 2328 751 2385 vocatur
760 2339 825 2412 per
836 2316 1354 2412 transpositionemlitterarum

348 2418 552 2491 Pdubrius‘.
571 2420 708 2492 lbidem
721 2422 789 2518 ipsi
800 2420 1008 2492 tribuuntur
1019 2424 1258 2519 expositiones
1269 2422 1306 2492 in
1318 2420 1356 2490 li·

348 2524 434 2600 bros
442 2527 761 2625 Interpretationis,
774 2527 1042 2624 analyticorum
1053 2529 1215 2626 priorum
1224 2526 1354 2624 (tribus

349 2635 483 2730 modis)
499 2650 535 2706 et
550 2634 838 2732 Sophisticorum
853 2635 1108 2708 Elenchorum.
1130 2640 1218 2723 Qoae
1232 2636 1356 2705 omnia

349 2745 495 2840 periisse
514 2744 768 2834 credebantur,
790 2761 986 2842 antequam
1007 2744 1153 2817 codices
1173 2747 1211 2816 S.
1238 2743 1355 2816 Maria

349 2852 532 2924 Nitriensis
558 2852 703 2925 lectioni
742 2853 897 2952 publicae
930 2856 965 2924 in
998 2856 1121 2925 Museo
1149 2853 1353 2924 Britannico

347 2959 526 3055 propositi
540 2973 672 3030 essent.
692 2959 816 3030 Codex
835 2959 943 3056 hujus
957 2957 1184 3030 bibliothecae
1197 2961 1258 3056 qui
1286 2984 1352 3030 nu·

388 3178 396 3211 ¹
418 3182 530 3237 Assem.
547 3174 623 3235 Bibl.
640 3175 755 3243 orient,
771 3186 794 3230 t.
812 3175 871 3242 111,
892 3185 974 3251 parte
986 3177 1016 3242 1,
1037 3193 1066 3251 p.
1085 3175 1187 3232 85-86.
1209 3207 1251 3218 -
1264 3179 1354 3232 ch-

348 3265 422 3338 rich,
438 3271 483 3323 De
496 3277 573 3325 uitet.
586 3285 668 3342 grac.
685 3262 864 3334 versionibus,
879 3283 908 3341 p.
928 3266 996 3321 130.
1013 3296 1053 3306 -
1066 3265 1224 3340 Perpetem
1236 3263 1353 3321 Hottin·

347 3376 434 3436 gerus
448 3354 547 3418 scribit
564 3383 577 3406 u
596 3356 746 3427 cuneum,
761 3349 898 3413 adhibitis
917 3352 1001 3410 sociis
1016 3351 1093 3410 Hibe
1107 3365 1135 3419 et
1148 3352 1301 3423 Pharubu,
1318 3372 1354 3410 ex

348 3465 442 3525 graeco
467 3443 603 3502 idiomate
630 3443 660 3500 in
683 3444 827 3520 syriacum
859 3443 1036 3504 transtulisse
1062 3444 1166 3523 scripta
1194 3442 1354 3500 Aristotelis

347 3536 462 3613 aliaque
478 3529 668 3611 ἑρμηνευτικᾶ.
689 3557 702 3582 s

344 3680 352 3694 .
386 3637 397 3669 ²
418 3639 529 3693 Assem.
545 3631 621 3690 lbid.
641 3653 671 3709 p.
690 3634 739 3688 30.

386 3735 397 3770 ⁸
416 3733 490 3793 lbid.
511 3755 540 3812 p.
559 3737 609 3802 85,
627 3745 687 3790 not.

386 3833 507 3898 ‘eota
536 3834 610 3895 Bibl.
640 3847 744 3892 nostrae
773 3832 925 3906 Maximae,
957 3835 1051 3914 suppl.
1081 3831 1159 3892 arab.
1189 3843 1222 3892 η’
1252 3833 1351 3927 140οζ

347 3926 367 3988 f.
386 3931 423 3988 85
439 3939 482 3998 νο,
502 3928 552 4000 86,
575 3929 611 3982 86
628 3937 670 3983 v⁰.
688 3959 723 3970 -
740 3927 903 4004 Hottinge1·,
920 3926 993 3984 Bibl.
1010 3933 1124 3996 orient,
1142 3946 1173 4002 p.
1190 3927 1261 3998 222,
1279 3928 1348 3994 223,

348 4021 416 4075 230.
