3098 5126
761 469 957 535 ...ρο-

357 638 435 710 quae
449 627 505 684 ¹est
526 613 671 684 seientia
693 636 776 682 vera
790 614 960 704 universi,
981 614 1088 686 estin
1106 628 1152 705 le,
1174 627 1210 684 et
1226 614 1365 714 exphi·'

356 720 520 818 losephia
540 720 599 791 illa
620 745 699 816 quae
721 721 829 791 estin
853 735 886 792 te
904 721 1018 793 offero
1041 719 1104 793 tibi
1126 744 1269 792 munus.
1287 725 1359 793 Nee

356 830 487 899 mirum
513 827 625 899 videri
642 827 750 900 debet
766 827 867 924 quud
883 853 927 899 ex
945 828 1113 927 paradiso
1138 827 1291 901 dominii
1308 831 1359 900 tui

356 935 513 1006 olleramw
523 934 586 1007 tibi
599 961 749 1033 munus,
768 935 946 1032 siquidem
958 961 1003 1009 ex
1019 937 1190 1008 'creaturis
1202 937 1268 1006 Dei
1280 940 1359 1007 Deo

354 1043 1361 1142 victimasollerresolemus.Munusveroquodollerotibi

355 1151 519 1221 oratione
529 1165 670 1240 constat
680 1155 707 1240 ¹3
723 1150 952 1250 philosophia
966 1153 1064 1224 enim
1076 1177 1142 1251 per
1158 1152 1359 1224 orationem

354 1259 548 1356 profertur,
567 1259 810 1358 philosophia,
831 1261 993 1356 inquam,
1014 1284 1094 1357 quae
1111 1273 1164 1332 est
1180 1260 1360 1358 optimum

353 1367 518 1438 munium
535 1378 739 1440 munerum.
755 1371 835 1468 Ipsa
852 1382 906 1440 est
921 1369 1020 1440 enim
1034 1366 1265 1466 philosophia
1280 1392 1360 1464 quae

354 1472 400 1546 de
423 1498 462 1545 se
477 1475 630 1571 loquens
656 1475 767 1546 dixit:
791 1481 971 1548 «Fructus
998 1477 1070 1548 mei
1095 1474 1261 1547 melio'res'
1277 1489 1362 1547 sunt

358 1612 374 1645 «
391 1604 479 1652 auro
496 1606 610 1678 puro,
631 1596 666 1653 et
691 1582 807 1678 fruges
826 1607 914 1654 meae
939 1597 1086 1680 argento
1104 1581 1247 1654 electc’.
1261 1609 1278 1648 u
1299 1585 1361 1652 Et-

355 1690 451 1759 enim
472 1689 606 1760 lructus
629 1689 705 1785 ejus
731 1704 815 1762 sunt
837 1689 945 1779 salus,
969 1689 1159 1778 fortitude,
1178 1690 1357 1787 potentia,

354 1796 764 1894 dominium,·potestas,
783 1822 949 1895 regnum,
978 1823 1060 1898 pax,
1077 1799 1233 1894 justitia,'
1251 1797 1357 1895 leges.

354 1905 518 2002 Denique
532 1928 659 1975 omnes
676 1917 732 1976 res
749 1904 854 1977 bonae
875 1931 956 2003 quae
981 1920 1065 1978 sunt
1082 1906 1120 1976 in
1137 1906 1283 1979 ¹mundo
1297 1931 1361 2004 per

354 2013 566 2110 sapientiam
597 2011 696 2084 factae
729 2012 874 2084 fuerunt
906 2028 941 2085 et
973 2013 1231 2110 gubernantur.
1263 2015 1361 2096 Sicut

354 2119 480 2190 oculus
495 2119 606 2191 animi
620 2120 683 2216 qui
701 2135 754 2192 est
772 2145 886 2192 caecus
902 2121 1134 2220 privatusque
1146 2123 1224 2194 visu
1240 2145 1361 2193 rerum

354 2227 518 2298 omnium
534 2241 696 2324 peream
710 2227 824 2301 solam
843 2227 1066 2301 illuminatur
1083 2244 1120 2300 et
1134 2229 1356 2302 incarnatur:

354 2334 430 2430 ipsa
448 2334 575 2405 melior
599 2349 654 2406 est
670 2334 827 2407 millibus
843 2335 997 2408 millium
1015 2336 1207 2408 oculorum
1224 2336 1358 2422 caruis3

355 2455 408 2512 est
422 2442 519 2513 enim
536 2442 663 2513 oculus
677 2442 775 2514 solus
785 2467 904 2531 verus,
920 2444 1043 2514 omnia
1060 2442 1199 2535 videns,
1214 2456 1361 2540 propter

355 2551 564 2626 affinitatem
590 2577 701 2649 quam
726 2552 835 2625 habet
858 2577 941 2624 cum
969 2554 1119 2624 veritate
1142 2577 1221 2649 quae
1246 2553 1360 2624 estin

354 2661 536 2732 universo.
557 2662 654 2732 Sicut
672 2661 770 2733 enim
792 2661 918 2733 oculus
936 2662 1111 2760 corporis,
1130 2675 1281 2759 propter
1296 2660 1362 2732 ha·

354 2767 557 2840 bitudinem
575 2793 677 2840 suam
694 2793 777 2840 cum
801 2768 951 2858 lumine,
976 2769 1075 2841 videt
1092 2769 1288 2859 exteriora3
1313 2769 1363 2839 ita

355 2879 480 2950 oculus
492 2879 603 2975 animi
621 2879 990 2979 propteraffinitatem
1013 2903 1115 2949 suam
1130 2902 1217 2950 cum
1226 2878 1364 2950 lumine

355 2986 566 3081 intelligibili
578 2986 677 3082 quod
691 2988 794 3056 estin
811 2988 993 3071 universo,
1007 2985 1130 3055 lumen
1143 2983 1244 3081 quod
1259 3000 1312 3056 est
1323 2987 1361 3056 in

254 3144 257 3150 ·
356 3093 524 3164 universo
543 3092 654 3163 videt.
666 3095 710 3162 Et
729 3092 879 3190 perinde
896 3107 1003 3187 atque
1017 3090 1130 3162 bomo
1142 3091 1244 3187 cujus
1266 3092 1361 3164 oculi

356 3201 522 3298 corporei
541 3199 679 3272 debiles
701 3199 848 3271 suntad
870 3197 1193 3288 tumensensibite,
1214 3214 1275 3272 aut
1293 3224 1363 3272 ne·

356 3333 557 3406 quaquam,
586 3323 646 3380 aut
671 3333 800 3406 parum
827 3307 948 3394 videt;
976 3306 1026 3377 ita
1054 3305 1112 3377 ille
1139 3308 1240 3403 cujus
1267 3305 1363 3380 oculi

357 3417 483 3486 animae
506 3441 582 3487 non
604 3417 790 3489 assuefacti
813 3413 960 3487 suntad
979 3413 1102 3486 lumen
1126 3413 1359 3511 intelligibile,

358 3537 420 3594 aut
445 3547 691 3620 nequaquam,
715 3539 776 3598 aut
798 3547 926 3622 parum
950 3521 1061 3596 videt.
1085 3521 1255 3596 Praeclare
1276 3547 1361 3620 ergo

358 3629 505 3726 quidam
527 3629 789 3730 philosophus:
813 3631 990 3728 «Sapiens
1006 3629 1115 3701 habet
1137 3629 1263 3702 oculos
1278 3655 1362 3702 suos

361 3767 378 3806 a
392 3739 428 3810 in
446 3739 581 3836 capite3
602 3737 729 3810 stultus
745 3753 865 3810 autem
894 3739 931 3808 in
955 3737 1111 3810 tenebris
1135 3737 1292 3810 ambulat
1300 3741 1323 3809 ³.
1341 3766 1359 3805 »

397 3899 406 3931 ¹
427 3901 491 3964 Vox
504 3896 616 3973 syriaca
629 3901 712 3954 melto
726 3915 825 3956 omnes
844 3915 943 3954 sensus
962 3897 1042 3954 vocis
1062 3896 1137 3974 λόγος
1151 3898 1358 3974 complectitur.

397 3986 408 4019 ¹
428 3989 611 4057 Prov.,v111,
629 3990 676 4044 l9.

399 4075 410 4108 ³
430 4077 601 4150 Eccles.,11‚
619 4081 666 4135 ld.
