3098 5126
757 463 952 550 ..43-

354 607 627 695 obtruduntur¹,
647 621 825 705 excerpta,
846 608 962 682 forma
980 623 1100 682 tamen
1119 613 1266 708 paulum
1284 619 1350 686 im·

354 729 500 786 mutata.
519 719 558 785 ln
570 715 694 786 codice
711 716 807 786 enim
826 732 951 787 nostro
967 743 1031 814 per
1044 722 1258 816 quaestiones
1269 747 1352 820 pro·

352 837 538 920 ponuntur
559 847 636 917 quae
662 822 759 918 apud
783 825 926 893 Graecos
942 821 1211 898 delinitionibus
1236 832 1352 926 expri-

353 944 513 1019 muntur,
545 943 651 1026 atque
675 930 724 1000 ita
738 929 901 1000 habitum
925 929 1032 1025 plane
1048 932 1208 1004 referunt
1223 933 1352 1007 harum

257 1049 260 1056 '
352 1035 612 1108 Definitionum
637 1062 698 1107 seu
726 1037 1053 1132 Interrogationum
1075 1063 1154 1135 quae
1172 1041 1352 1114 veteribus

352 1144 483 1214 infimae
504 1147 613 1216 aetatis
635 1159 821 1242 tantopere
842 1143 1061 1241 placebant².
1089 1147 1147 1216 Sic
1172 1171 1239 1244 pro
1259 1148 1348 1220 illo:

353 1259 425 1333 Θεὸς
437 1250 510 1334 ζῶον
524 1257 684 1342 ἀθάνατον,
696 1259 839 1350 αὔταρκες
850 1258 921 1348 πρὸς
932 1249 1134 1346 εὐδαιμονίαν,
1144 1257 1229 1324 οὐσία
1238 1252 1350 1346 aldios,

352 1373 407 1439 τῆς
417 1358 566 1455 τ’ἀγαθοῦ
575 1366 688 1454 φύσεως
701 1365 805 1448 αἰτία,
819 1363 928 1455 Syrus
940 1359 1050 1431 habet
1067 1386 1074 1429 :
1094 1391 1110 1424 «
1129 1359 1229 1432 Plato
1241 1360 1347 1434 dixit:

351 1467 447 1554 Quid
466 1481 520 1538 est
535 1467 668 1538 animal
691 1467 914 1558 immortale,
939 1467 1039 1564 quod
1058 1467 1217 1540 abundat
1234 1473 1353 1542 omni-

351 1575 418 1646 hus
446 1573 569 1665 honis,
599 1590 727 1646 natura
748 1591 950 1671 aternum,
986 1589 1022 1645 ct
1051 1599 1157 1648 causa
1189 1579 1351 1649 omnium
1418 1593 1421 1598 '

350 1682 554 1754 honorum?
567 1711 585 1750 n
603 1682 739 1754 Eodem
752 1681 877 1753 codice
887 1681 1055 1778 leguntur
1068 1687 1252 1780 Praecepta
1262 1686 1352 1756 Pla-

352 1789 509 1862 contrad
530 1789 741 1885 discipulum
764 1815 886 1876 sarem,
913 1813 993 1886 qnae
1018 1814 1129 1887 graece
1148 1815 1224 1861 non
1245 1817 1352 1889 repe-

351 1899 504 1984 riuntur,
533 1896 834 1991 christianamque
859 1896 1083 1994 disciplinam
1106 1898 1217 1992 magis
1241 1923 1350 1995 quam

350 2002 567 2100 platonicam
590 2002 758 2072 videntur
777 2003 953 2086 redolere.
983 2003 1181 2074 hilerantur
1197 2006 1351 2104 exempli

351 2113 461 2206 gratia
477 2113 585 2210 primi
602 2134 726 2180 versus
746 2137 753 2177 :
779 2140 795 2173 «
812 2113 883 2181 Cur
901 2110 1013 2182 oculis
1029 2111 1099 2180 tuis
1116 2109 1259 2182 difficile
1277 2129 1347 2200 est,
1443 2119 1445 2124 ’

350 2244 553 2316 aegrumque
584 2218 649 2290 tibi
682 2217 825 2288 videtur
851 2219 952 2314 quod
982 2219 1186 2317 praecipiam
1206 2217 1285 2310 tibi
1312 2236 1350 2291 ut

351 2327 456 2400 etiam
469 2326 654 2398 dormiens
666 2324 712 2396 ab
723 2327 886 2396 oratione
899 2351 974 2396 non
988 2327 1159 2399 desistas?
1172 2369 1220 2381 -
1235 2328 1351 2399 Disci-

351 2435 455 2530 pulos
489 2436 574 2506 dicit
604 2464 614 2506 2
645 2433 840 2520 Quomodo
875 2431 936 2503 fiet
975 2435 1097 2504 istud?
1130 2440 1221 2506 Ecce
1254 2436 1351 2508 enim

340 2561 461 2640 ‘quum
476 2543 637 2630 dormio,
653 2536 798 2613 mortuo
811 2539 934 2611 similis
947 2564 1039 2613 sum.
1054 2542 1249 2628 Quomodo
1265 2568 1351 2639 ergo

349 2651 532 2720 dormiens
562 2673 680 2738 orem,
710 2647 1007 2746 qnandoquidem
1036 2663 1121 2721 tunc
1144 2649 1352 2724 mortalitati

351 2783 437 2830 meae
452 2757 635 2854 subjacere
649 2757 1031 2853 videori—Magister
1050 2758 1136 2830 dicit
1151 2787 1159 2829 :
1181 2761 1350 2832 Animum

348 2882 452 2937 tuum
469 2865 630 2937 moribus
647 2865 753 2936 bonis
777 2880 811 2936 ct
836 2864 998 2937 honestis
1015 2867 1212 2950 instrue...
1238 2898 1255 2930 »
1279 2871 1351 2939 Co-

349 2976 429 3045 dice
444 2974 618 3045 Vaticano
642 2975 730 3059 ⁴59,
750 2973 837 3041 item
854 2970 1022 3066 leguntur
1043 2972 1265 3044 karsciunice
1290 2975 1350 3067 (id

349 3096 403 3152 est
415 3080 537 3176 lingua
548 3077 703 3168 arabica,
723 3076 788 3146 sed
800 3076 1005 3162 charactere
1019 3079 1174 3174 syriaco)
1189 3108 1197 3150 :
1212 3086 1351 3153 Monita

349 3189 512 3258 Platonis
542 3185 593 3256 ad
615 3183 845 3256 Aristotelem
869 3183 1081 3280 dischrelrcm
1103 3190 1242 3272 sunm³‚
1271 3214 1351 3286 quae

349 3299 399 3367 sic
414 3296 589 3392 incipiunt
606 3323 613 3364 :
633 3323 650 3362 a
667 3297 820 3390 Oportet
833 3307 871 3363 ut
884 3315 1080 3387 cognoscas
1094 3299 1215 3366 Deum*
1225 3311 1347 3386 tuum,

388 3507 397 3539 ¹
417 3507 451 3564 V.
469 3524 539 3582 opp.
558 3515 579 3559 t.
594 3507 639 3570 X,
654 3502 723 3560 edit.
740 3501 877 3570 Bckkeri,
892 3500 1027 3558 Londini.

389 3605 399 3639 ¹
418 3605 486 3662 Illas
500 3602 564 3660 dico
581 3601 782 3659 altercationes
795 3599 917 3680 Epicteti
932 3611 960 3658 et
978 3599 1111 3673 Adriani,
1126 3601 1246 3660 Adriani
1260 3616 1290 3662 et
1302 3607 1351 3662 Se·

349 3693 453 3765 cundi,
468 3692 562 3769 Pipini
574 3703 603 3748 et
616 3689 714 3748 Albini
730 3688 910 3760 scholastici,
926 3701 995 3760 etc,
1011 3710 1133 3768 quarmn
1148 3690 1280 3772 syllogen
1292 3697 1350 3750 Fa-

349 3783 457 3841 bricius
475 3779 642 3858 compilavit
655 3779 741 3852 (ortt.
755 3801 813 3856 gn,
831 3792 852 3834 t.
867 3781 963 3852 XIII).
979 3781 1071 3840 Multa
1083 3793 1150 3838 sunt
1163 3780 1249 3840 etiam
1263 3783 1350 3856 hujus

350 3874 464 3954 generis
478 3869 556 3949 apud
572 3870 753 3930 Athenaeum.
1167 3880 1168 3883 ’

390 3972 463 4032 ⁸Cl.
487 3976 613 4040 Assem,
638 3973 731 4028 Catal.
752 3973 834 4028 codd.
855 3972 921 4030 bibl.
948 3985 1021 4040 raa,
1049 3984 1069 4028 t.
1091 3974 1198 4049 111,p.
1220 3975 1289 4032 311.
1309 4005 1349 4016 -

350 4061 504 4132 Wenrich,
519 4079 566 4137 op.
586 4059 648 4130 cit,
663 4079 692 4135 p.
709 4061 776 4116 122.
