3098 5126
553 511 799 580 .-a-

213 657 296 727 rint.
318 655 423 756 apud
439 655 651 728 christianos
663 657 726 753 qui
739 654 874 728 litteras
885 655 1070 747 colebant,
1088 658 1214 732 eadem

214 764 340 861 opinio
350 763 512 836 invaluit.
529 763 753 863 Peripatetici
767 777 871 854 sunt,
883 765 952 836 nisi
966 765 1066 862 quod
1079 765 1215 863 aliquid

216 869 407 970 platonicae
423 871 604 969 elegantiae
618 873 657 944 in
674 873 892 970 scriptorum
907 871 1023 946 forma
1043 875 1212 962 retinent,

213 979 391 1054 doctores
404 981 477 1054 fere
502 1005 627 1054 omnes
650 1003 687 1071 v,
714 1005 764 1070 vr,
790 995 825 1051 et
842 1005 899 1051 ,νη
919 981 1059 1070 saeculi,
1086 985 1216 1054 AEneas

212 1088 374 1178 Gazaeus,
392 1087 578 1160 Zacharias
591 1087 843 1176 Scholasticus,
868 1091 1025 1159 loannes
1045 1087 1216 1186 Philopo-

213 1218 295 1284 nus,
307 1199 464 1293 loanpes
474 1199 734 1286 Damascenus;
748 1194 981 1292 peripatetica
991 1209 1043 1266 est
1055 1193 1215 1292 philoso-

212 1301 300 1400 phia
316 1303 572 1392 ecclesiastica3
585 1303 824 1401 peripateticae
841 1318 925 1376 snut
940 1301 1092 1374 haereses
1107 1301 1215 1399 hujus

211 1410 353 1482 aetatis¹.
377 1413 534 1484 loannes
548 1411 727 1508 praecipue
744 1413 1008 1500 Damascenus,
1032 1433 1145 1506 quum
1163 1408 1216 1480 lo-
1244 1458 1250 1472 ·

210 1517 324 1614 gioam
336 1517 532 1590 Aristotelis
540 1531 579 1590 ut
586 1519 865 1590 instrumentum
877 1516 1216 1614 theologiaedogma·

210 1627 307 1719 noe,
334 1641 370 1698 et
393 1626 628 1726 pedisequam
657 1626 741 1699 lidei
769 1625 980 1699 orthodoxae
1004 1625 1211 1716 extolleret,

209 1734 509 1808 scholasticorum
521 1737 689 1835 princeps
703 1757 779 1806 non
797 1735 874 1806 sine
887 1733 967 1829 jure
984 1733 1056 1806 dici
1069 1734 1212 1804 meruit.

208 1841 262 1915 Ita
282 1842 414 1916 facturn
432 1858 472 1915 ut
494 1842 698 1916 Aristoteles
715 1841 775 1914 ille
788 1865 897 1938 quem
917 1846 1038 1912 Patres
1055 1843 1215 1940 primaevi

208 1963 282 2021 tam
305 1950 537 2024 vehementer
554 1952 817 2048 exagitaverant
833 1964 874 2021 ut
889 1949 1078 2022 haeresium
1094 1962 1216 2022 aucto·

208 2079 303 2147 rem,
323 2055 408 2129 fidei
431 2073 681 2156 propugnator
703 2071 853 2156 repente
874 2058 1065 2146 evaderet,
1085 2073 1211 2156 atque,

210 2178 249 2236 ut
276 2163 395 2238 aiebat
424 2165 592 2262 quidam,
625 2165 782 2236 Ecclesia
808 2163 929 2260 aliquo
956 2189 1022 2235 suo
1048 2164 1215 2260 dogmate

209 2273 399 2361 caruisset,
418 2273 449 2344 si
465 2273 670 2345 Aristoteles
686 2297 762 2345 non
780 2273 952 2344 vixisset'.

258 2381 373 2452 Series
390 2405 477 2477 ergo
498 2382 671 2454 continua
694 2395 748 2454 est
771 2406 792 2452 a
816 2379 940 2453 schola
964 2380 1050 2454 inde
1074 2381 1215 2454 alexan·

210 2485 317 2560 drina
332 2513 446 2587 usque
465 2489 513 2562 ad
538 2491 663 2588 Syros,
684 2514 704 2563 a
720 2490 817 2586 Syris
834 2488 880 2560 ad
900 2487 1043 2578 Arabas,
1063 2487 1110 2562 ab
1127 2492 1213 2560 Ara·

207 2590 315 2667 bibus
339 2596 386 2672 ad
407 2596 654 2670 scholasticos.
684 2603 808 2697 Neque
837 2597 1062 2687 scholastici,
1095 2621 1214 2694 neque

209 2700 357 2792 Arabes,
369 2729 488 2802 neque
497 2707 576 2802 Syri
584 2707 808 2780 Aristotelem
819 2706 914 2779 ultro
924 2705 994 2778 sibi
1004 2706 1213 2801 magistrum

207 2806 284 2881 aliis
297 2825 529 2909 optaverunt,
545 2813 610 2886 sed
622 2827 863 2886 monstratum
876 2814 988 2884 secuti
1002 2828 1103 2902 sunt,
1120 2815 1214 2883 Grae-

207 2939 335 2989 corum
356 2917 473 2991 studia
494 2917 649 3017 amplexi
670 2935 778 3016 atque
798 2920 939 2990 imitati.
966 2917 1066 2991 Idem
1094 2919 1213 2992 evenit

207 3024 304 3123 apud
331 3031 504 3099 Armenos
529 3028 591 3124 qui
618 3025 686 3098 sub
708 3027 807 3099 idem
831 3042 973 3125 tempus
992 3027 1029 3098 in
1057 3025 1213 3123 discipli·

207 3154 293 3203 nam
309 3135 517 3206 Graecorum
532 3133 741 3206 educandos
753 3159 791 3204 se
807 3133 1045 3206 tradiderunt.
1063 3137 1110 3204 Ut
1122 3132 1212 3205 nihil

207 3237 326 3311 differt
353 3240 470 3312 David
495 3245 671 3314 armenus
695 3240 742 3315 ab
770 3241 980 3329 Ammonio,
1007 3240 1208 3338 Simplicio,
1284 3230 1299 3255 '

207 3345 430 3446 Philopono,
448 3348 549 3445 quod
569 3351 697 3420 attinet
722 3348 769 3420 ad
792 3347 1075 3447 philosophandi
1101 3347 1210 3418 ratio-

206 3478 308 3545 nem,
325 3456 373 3526 ita
388 3454 515 3528 studiis
529 3460 769 3532 Armenorum
786 3472 822 3530 et
834 3459 1007 3554 Syrorum
1022 3456 1128 3530 iacies
1139 3479 1211 3528 uua

206 3575 271 3647 est.
293 3562 334 3634 ld
353 3564 461 3635 etiam
485 3562 690 3654 fatendum,
717 3564 957 3656 Aristotelem,
977 3589 1091 3661 quum
1109 3587 1211 3636 veras

245 3743 255 3777 ¹
274 3743 318 3804 Cf.
343 3747 381 3804 H.
401 3743 596 3804 maurinae.
615 3747 721 3822 philos.
746 3748 856 3818 clusa,
878 3745 954 3804 libro
973 3749 1041 3816 VII,
1066 3763 1129 3822 cap.
1151 3757 1210 3804 101
1231 3790 1236 3799 .

206 3852 258 3911 sqq
264 3876 274 3894 .,
285 3867 325 3878 —
338 3839 355 3892 J
359 3881 366 3895 .
382 3837 414 3895 F.
431 3835 544 3895 Buddei
564 3836 793 3896 dissertationem
810 3842 855 3894 De
869 3836 1017 3894 haeresibus
1033 3855 1070 3892 ex
1084 3836 1208 3910 philoso-

167 3924 173 3933 '
200 3925 275 4000 phio
289 3928 478 4001 perapatetica
493 3933 576 3999 ortis,
596 3925 627 3984 in
643 3925 888 3984 Observationibus
905 3925 1072 3984 Halensibus
1090 3927 1205 4000 (¹700),

206 4033 236 4090 p.
254 4015 323 4086 tta,
340 4034 403 4092 sqq.
421 4017 780 4086 -Bruelter,H1'st.crit.
796 4019 914 4092 philos,
932 4031 952 4078 t.
968 4019 1023 4089 111,
1038 4036 1069 4094 p.
1087 4018 1158 4075 534.

245 4112 256 4146 ²
275 4115 317 4173 ct.
336 4115 438 4192 Bayle,
453 4131 506 4178 art.
523 4118 655 4188 Aristote,
671 4128 732 4174 not.
749 4120 773 4174 1.
