3098 5126
534 403 802 516 ⁵-at-

201 599 245 666 Ut
278 593 442 690 sugerent
468 591 534 672 has
562 591 726 664 tenebras
759 593 916 664 lunestas
929 601 943 679 ,⁴
974 605 1009 662 et
1040 590 1202 688 viderent

197 702 320 774 lumen
349 699 550 789 excellens,
579 700 683 772 multi
707 723 750 772 ex
780 701 935 798 antiquis
962 701 1072 770 vitam
1099 723 1202 771 suam

197 812 472 912 impenderunt:
497 811 713 882 invenerunt
734 812 831 882 enim
850 836 894 883 ex
917 811 1010 882 curis
1034 809 1202 882 omnibus

196 920 449 993 curam-animi
469 918 576 1015 longe
600 917 944 991 excellentissimam.
969 919 1087 987 Homo
1106 919 1201 988 euim

197 1029 374 1100 exanima
390 1043 426 1100 et
442 1050 596 1126 corpore
610 1026 860 1124 componitur;
875 1027 1091 1097 animarem
1103 1039 1202 1095 tanto

195 1137 342 1234 corpori
358 1135 523 1234 superior
540 1149 595 1206 est
611 1148 749 1232 quanto
770 1133 946 1206 rationale
968 1146 1109 1230 praestat
1126 1157 1201 1203 non
1246 1231 1248 1236 ,
1334 1110 1341 1121 ¹

191 1243 374 1332 rationali,
397 1258 434 1315 et
449 1243 582 1315 animal
600 1243 674 1313 enti
693 1266 768 1314 non
785 1244 966 1314 animatu:
988 1243 1122 1339 quippe
1138 1265 1203 1338 per

196 1351 353 1422 animam
373 1375 474 1422 suam
491 1350 604 1422 homo
625 1363 679 1420 est
696 1349 829 1421 animal
851 1348 1036 1421 rationale.
1056 1347 1203 1420 Cultura
1294 1380 1299 1396 ·

188 1481 282 1528 ¹vero
302 1471 337 1528 et
350 1458 493 1529 ornatio
506 1457 635 1529 animae
653 1471 707 1526 est
729 1457 889 1529 scientia.
911 1457 1065 1528 Scientia
1082 1472 1202 1528 autem

196 1564 329 1662 duplex
346 1580 421 1637 est:
442 1578 504 1636 aut
529 1563 741 1636 eam'homo
762 1564 839 1660 ipse
852 1565 978 1662 quaerit
1000 1579 1036 1635 et
1051 1565 1199 1652 invenit,

196 1686 258 1743 aut
274 1695 317 1743 ex
339 1673 544 1768 magisterio
567 1673 706 1771 recipit.
733 1672 971 1767 Magisterium
993 1696 1116 1743 rursus
1136 1670 1203 1740 du-

196 1778 278 1876 plex
295 1793 370 1851 est:
399 1803 514 1852 unum
535 1780 744 1878 simpliciter
769 1779 815 1851 ab
838 1779 987 1851 homine
1011 1779 1055 1850 ad
1084 1778 1202 1849 homi·

195 1909 280 1958 nem
299 1886 475 1977 defertur3
505 1888 657 1960 alterum
684 1887 731 1958 ab
753 1887 963 1960 hominibus
991 1885 1200 1972 illustribus,

195 1993 398 2092 apostolatu
415 1995 611 2084 decoratis,
627 1995 853 2093 praedicatur.
873 1995 1031 2090 Magistri
1042 2016 1129 2065 vero
1146 1995 1202 2063 in-

194 2102 388 2174 veniuntur
405 2104 500 2174 inter
516 2127 554 2174 se
570 2125 614 2172 ex
634 2102 787 2174 aduerso
809 2117 1022 2199 pugnantes.
1046 2101 1202 2186 Quidam

195 2231 323 2280 eorum
346 2208 472 2278 dicunt
492 2229 606 2278 unum
634 2232 711 2279 esse
730 2213 871 2296 Deum3
901 2207 959 2279 alii
983 2211 1101 2278 Deum
1127 2230 1201 2276 non

196 2337 271 2384 esse
282 2314 443 2385 unicum.
463 2313 620 2401 Quidam
637 2313 764 2387 dicunt
779 2318 898 2386 Deum
914 2312 1048 2386 habere
1061 2329 1203 2386 coutra-

195 2420 267 2508 ria3
291 2420 350 2492 alii
372 2420 409 2491 id
428 2435 574 2518 negant.
604 2421 761 2509 Quidam
784 2420 967 2493 affirmant
988 2445 1072 2492 eum
1090 2423 1203 2492 omni·

194 2541 399 2623 potentem,
421 2528 480 2600 alii
497 2552 581 2600 eum
605 2525 735 2602 cuncta
748 2552 825 2602 non
842 2553 949 2628 posse
968 2529 1094 2602 facere.
1114 2530 1202 2616 Qui-

194 2633 279 2706 dam
294 2635 520 2708 contendunt
533 2636 713 2709 mundum
724 2652 760 2710 et
771 2638 895 2709 omnia
911 2661 991 2734 quae
1004 2638 1041 2708 in
1057 2660 1101 2708 eo
1118 2653 1202 2708 sunt

194 2765 271 2814 esse
285 2755 423 2830 creata,
443 2742 502 2814 alii
521 2742 648 2816 volunt
666 2747 789 2815 omnia
806 2768 881 2816 non
899 2768 975 2828 esse
992 2758 1128 2834 creata3
1148 2759 1201 2814 at·

193 2871 266 2944 que
293 2850 387 2920 inter
406 2849 474 2922 hos
496 2851 556 2922 alii
576 2875 633 2922 res
655 2877 698 2922 ex
723 2852 871 2922 materia
892 2850 1003 2923 factas
1024 2865 1198 2937 asserunt,

193 2955 252 3026 alii
266 2955 446 3028 muudum
463 2981 531 3030 nec
547 2959 689 3029 initium
706 2958 873 3031 hahuisse
891 2983 958 3030 nec
978 2958 1087 3030 finem
1104 2957 1202 3029 habi·

193 3077 316 3134 turum
337 3065 534 3162 opinantur
548 3092 562 3134 a
577 3065 636 3137 alii
654 3066 756 3138 aliter
771 3067 942 3138 sentiunt.
964 3065 1121 3153 Quidam
1137 3089 1201 3136 vo-

194 3170 274 3242 lunt
287 3170 475 3243 hominem
501 3172 636 3246 habere
663 3173 865 3246 libertatem
888 3175 942 3245 sui
968 3174 1116 3262 arbitrii,
1143 3172 1201 3244 alii

193 3277 277 3349 huic
289 3279 453 3376 opinioni
465 3281 713 3354 adversantur.
732 3284 824 3352 Sunt
840 3280 909 3353 alia
929 3280 1042 3353 multa
1057 3280 1103 3351 de
1120 3281 1201 3382 qui·

193 3385 261 3458 bus
284 3387 391 3460 simili
412 3387 525 3460 modo
548 3389 764 3463 dissentiunt
783 3414 826 3462 ac
843 3415 881 3461 se
907 3390 1062 3460 invicem
1078 3388 1201 3462 redar-

194 3509 319 3590 guunt.
348 3497 573 3594 Impossibile
595 3512 648 3570 est
668 3498 775 3595 igitur
795 3497 940 3568 illorum
966 3498 1088 3569 omnia
1111 3496 1199 3592 dog-

193 3617 289 3675 mata
306 3602 413 3675 simul
432 3603 622 3703 amplecti3
645 3629 764 3703 neque
780 3605 978 3702 quidquam
1004 3603 1101 3676 aliud
1124 3627 1201 3674 res-

192 3722 244 3780 tat
280 3709 348 3781 nisi
376 3725 438 3803 ut,
467 3712 580 3784 altero
600 3713 747 3801 relicto,
773 3738 886 3784 unum
921 3711 1196 3810 amplectamur,

193 3829 320 3912 atque,
336 3817 450 3890 altero
469 3819 615 3916 rejecto,
632 3845 747 3893 unum
765 3820 949 3917 eligamus.
970 3823 1200 3916 Quapropter

194 3945 338 3995 necesse
372 3941 426 3998 est
463 3942 503 3999 ut
534 3951 793 4024 cognoscamus
825 3927 1011 4026 perspicue
1043 3926 1199 3997 rationes

193 4027 324 4125 quibus
351 4033 464 4105 innixi
491 4036 702 4132 opinionem
728 4061 837 4108 unam
866 4035 1086 4108 dimittamus
1114 4033 1198 4106 alte·
