3098 5126
750 469 944 538 ...fio-.-

347 614 534 688 mirahitur
555 613 618 710 qui
645 614 758 684 nescit
780 629 918 710 quanto
944 613 1091 686 inferior
1111 614 1216 685 fuerit
1236 639 1346 686 avun-

346 724 429 795 culo
445 748 512 795 suo
528 719 685 819 losepho
702 720 866 791 simonio
884 727 1076 792 hssemano
1092 721 1250 795 Evodius
1266 721 1343 813 ille,

346 855 389 902 ac
408 855 517 928 quam
537 828 656 899 multis
672 841 708 899 et
725 826 891 923 gravibus
908 827 1049 898 mendis
1066 841 1198 900 scateat
1214 831 1347 901 catalo-

346 963 411 1036 gus
424 936 483 1009 ille
499 931 730 1009 florentinus!

395 1045 566 1133 Quamvis
600 1042 783 1138 diligentia
815 1041 1101 1114 Honeinidarum
1147 1043 1349 1116 Aristoteles

346 1167 441 1224 totus
456 1177 498 1223 ac
514 1150 738 1249 peripatetici
762 1150 834 1221 fere
861 1175 988 1221 omnes
1009 1152 1201 1251 scriptores
1223 1153 1349 1247 syriaci

347 1273 383 1329 et
409 1257 542 1330 arabici
565 1257 648 1330 tacti
665 1272 801 1348 essent,
822 1257 952 1330 saeculo
970 1283 992 1329 x
1011 1258 1108 1329 idem
1127 1258 1232 1332 labor
1246 1283 1347 1357 repe·

346 1367 477 1440 tendus
504 1366 583 1438 fuit.
605 1368 713 1462 Syros
738 1367 871 1464 pariter
893 1367 1049 1439 vidimus
1070 1368 1252 1439 versiones
1269 1391 1350 1439 suas

345 1501 411 1574 per
420 1477 487 1547 tria
494 1475 621 1548 saecula
631 1476 863 1548 resarcientes
873 1479 979 1572 atque
991 1501 1033 1546 ex
1043 1476 1184 1572 integro
1192 1475 1353 1548 reficien-

345 1597 412 1655 tes.
433 1583 534 1655 Idem
550 1583 670 1656 evenit
687 1582 785 1681 apud
799 1584 942 1655 Latinos
958 1582 1084 1654 mediae
1098 1585 1225 1669 aetatis,
1241 1583 1350 1680 idque

345 1691 523 1790 praecipue
547 1691 597 1762 oh
612 1693 830 1789 paucitatem
862 1692 1031 1763 codicum
1056 1691 1177 1764 fiebat.
1214 1697 1351 1790 Nempe

345 1799 446 1895 Jahy'a
460 1799 531 1872 ben
544 1799 611 1871 Adi
628 1813 750 1870 narrat
765 1814 900 1896 quanta
914 1825 999 1871 cura
1012 1801 1227 1898 quantisque
1240 1825 1350 1898 pecu-

346 1907 414 1978 niae
438 1907 608 2005 impensis
633 1906 873 1978 Alexandrum
891 1907 1160 2006 Aphrodisaeum
1173 1906 1249 2003 jam
1272 1932 1352 1982 ara·

345 2012 426 2084 bice
438 2037 581 2084 versum
595 2036 714 2083 emere
731 2013 950 2108 quaesiverit,
977 2039 1044 2086 nec
1069 2012 1261 2112 potuerit¹.
1285 2017 1351 2084 Res

347 2144 574 2216 quacumque
596 2119 642 2190 de
659 2144 766 2192 causa
788 2121 965 2211 evenerit,
991 2136 1128 2193 certum
1158 2135 1213 2192 est
1243 2121 1350 2192 duces

346 2227 454 2324 hujus
470 2229 556 2300 novi
568 2227 702 2300 laboris
718 2229 826 2300 etiarn
846 2231 955 2325 Syros
973 2245 1010 2301 et
1023 2229 1348 2301 christianosexsti·

347 2337 443 2426 tisse,
456 2361 612 2434 quorum
628 2336 800 2436 praecipui
812 2335 910 2407 suere
928 2336 1006 2408 Abu
1016 2336 1173 2408 Baschar
1188 2339 1281 2409 Mata
1294 2339 1306 2372 '
1317 2345 1356 2406 et'

346 2443 449 2541 lahja
468 2444 538 2516 ben
557 2445 622 2516 Adi
638 2443 880 2540 Tagritensis'‚
901 2444 1010 2513 ambo
1030 2444 1245 2533 nestoriani,
1265 2468 1354 2538 quo·

347 2575 429 2622 rum
446 2551 535 2623 alter
549 2552 670 2623 floruit
682 2550 749 2622 sub
757 2550 895 2622 Radhio
907 2549 1251 2645 chalifaoettatu),
1264 2548 1354 2620 alter

348 2660 415 2730 sub
428 2659 564 2730 Mothio
574 2658 778 2756 (at-uatis).
797 2657 842 2729 Hi
859 2657 1041 2729 duumviri
1057 2671 1175 2728 totum
1186 2657 1354 2728 Aristote-

347 2763 420 2837 lem
440 2766 560 2838 denuo
583 2791 626 2838 ex
644 2789 757 2862 graeco
781 2766 917 2861 syriace
942 2781 978 2836 et
994 2791 1037 2838 ex
1053 2766 1191 2862 syriaco
1212 2764 1354 2838 arabice

348 2887 553 2962 verterunt,
580 2873 757 2969 simulque
782 2871 1088 2971 Theophrastum,
1115 2872 1354 2944 Alexandrum
1446 2911 1450 2920 ·

348 2979 640 3074 Aphrodisaeum,
672 2979 924 3070 Themistium‚
969 2981 1175 3072 syrianum,
1209 2985 1355 3050 Ammo·

349 3084 471 3171 nium,
490 3099 558 3154 etc.
578 3086 728 3180 Syriacae
745 3085 906 3181 ipsorum
926 3085 1108 3156 versiones
1126 3087 1277 3157 omnino
1293 3110 1354 3183 pe-

349 3192 507 3282 rierunt;
544 3191 693 3264 arabicae
726 3215 812 3263 vero
842 3191 1094 3290 vulgatissimae
1133 3193 1349 3283 ferebantur,

349 3298 477 3397 hisque
499 3301 552 3372 usi
570 3315 653 3372 sunt
679 3299 899 3391 Alsarabius,
929 3302 1135 3391 hvicenna,
1161 3303 1350 3391 Averroes,

350 3409 529 3505 ceterique
545 3406 753 3507 philosophi
771 3407 941 3480 Arabum.

399 3516 461 3586 His
479 3515 698 3612 adjungendi
714 3515 834 3587 forent
852 3516 973 3615 plures
991 3516 1094 3588 aliiet
1106 3516 1184 3612 Syri
1196 3529 1232 3586 et
1243 3513 1357 3586 chris-

391 3708 401 3742 ¹
422 3709 508 3786 Apud
522 3710 675 3779 Casinum,
691 3723 711 3769 t.
728 3714 754 3781 1,
768 3730 799 3788 p.
816 3712 885 3769 243.

390 3799 402 3834 ¹
422 3803 531 3858 Assem.
548 3799 626 3861 Bibl.
643 3805 757 3874 orient,
773 3813 793 3860 t.
810 3803 865 3872 111,
880 3811 954 3878 part.
972 3804 997 3873 1,
1012 3821 1042 3878 p.
1060 3801 1128 3857 517.

392 3889 574 3964 'Wenrich‚
591 3913 621 3970 p.
646 3895 683 3951 30
706 3905 735 3950 et
756 3891 873 3970 passim.
894 3927 934 3936 -
951 3890 1087 3971 Phegei,
1102 3909 1132 3968 p.
1157 3891 1213 3962 20,
1234 3907 1297 3967 sqq.
1315 3923 1355 3934 -

352 3979 445 4037 Evod.
462 3987 571 4040 Assem.
589 3985 682 4040 Catal.
699 3984 779 4038 codd.
797 3985 894 4043 orient.
914 3983 980 4044 bibl.
995 3986 1114 4038 laurent.
1129 3983 1220 4051 med„
1236 4002 1265 4059 p.
1284 3983 1352 4038 tta.

353 4069 581 4150 -Ahullaragii
595 4076 685 4144 Dyra,
701 4091 732 4148 p.
748 4074 798 4129 dl.
