3098 5126
763 410 956 480 -68-

363 553 457 642 λέξις,
486 569 570 642 etc,
590 558 651 650 qui
671 580 748 626 nros
772 555 995 626 versificandi
1023 554 1120 652 apud
1147 557 1253 650 Syros
1283 580 1357 626 non

364 664 560 734 admodum
579 689 679 737 rarus
696 668 779 736 cst¹.

413 776 595 861 Praeterea,
611 798 685 844 non
697 798 810 871 pauca
821 788 1054 846 monumenta
1064 771 1275 844 eruditionis
1285 771 1360 868 phi·

362 880 553 979 losophicae
569 881 765 952 Barhebraei
784 880 953 953 exhibent
973 905 1083 978 opera
1099 881 1174 975 ejus
1193 880 1359 952 historica

362 988 449 1078 duc,
464 989 628 1061 videlicet
643 985 841 1060 Chrombon
855 990 988 1085 syriace
1001 1004 1037 1060 et
1055 991 1215 1060 Historia
1229 986 1360 1082 dynas-

363 1101 493 1168 n'urum
510 1098 661 1169 arabice.
677 1098 809 1170 Sedulo
824 1099 920 1168 enim
933 1096 980 1168 ad
993 1119 1284 1193 unamquamque
1298 1095 1361 1190 dy7

362 1207 511 1279 nostiam
531 1205 662 1277 referre
682 1219 783 1276 curat
807 1203 965 1300 singulos
983 1201 1218 1301 philosophos
1235 1202 1297 1298 qui
1318 1226 1360 1274 ea

362 1327 569 1410 tempestate
604 1312 814 1384 floruerunt.
843 1314 1061 1407 Temporum
1092 1310 1241 1407 quidem
1270 1311 1359 1382 ratio

361 1445 435 1490 non
462 1445 543 1491 raro
566 1419 706 1491 turbata
731 1435 802 1508 est,
829 1409 1024 1515 lahula'eqtre
1052 1419 1176 1490 inanes
1207 1418 1358 1490 recitan-

362 1542 443 1598 tur:
463 1526 575 1599 nihilo
597 1528 711 1600 secius
733 1526 918 1599 latendum
940 1540 993 1597 est
1009 1526 1058 1596 ibi
1081 1527 1265 1599 scientiam
1283 1549 1358 1596 non

362 1634 579 1706 mediocrem
608 1633 843 1732 philosophiae
866 1637 996 1706 Graecae
1015 1634 1175 1730 reperiri.
1202 1638 1255 1704 De
1282 1647 1357 1703 tota

362 1744 497 1814 ratione
510 1743 616 1839 hujus
626 1742 864 1841 philosophiae
875 1742 961 1813 audi
972 1742 1092 1839 ipsum
1105 1741 1355 1812 disserentem:

363 1879 380 1916 u
395 1853 490 1921 Scias
499 1850 734 1948 philosophos
744 1852 806 1947 qui
818 1849 865 1920 de
874 1874 994 1921 rerum
1006 1850 1190 1947 principiis
1207 1847 1359 1944 inquisi-

360 1973 488 2028 verunt
511 1957 623 2028 dividi
643 1959 679 2028 in
701 1957 903 2055 profanos²,
920 1957 1099 2029 naturales
1117 1971 1152 2027 et
1170 1955 1358 2052 theologos

359 2065 435 2157 (scu
455 2063 743 2164 metaphysicos).
758 2064 902 2136 Profani
917 2080 1014 2136 secta
1027 2079 1110 2137 sunt
1123 2065 1354 2160 antiquorum

359 2173 421 2267 qui
434 2172 571 2244 mundo
584 2171 808 2243 conditorem
820 2187 855 2243 et
864 2171 1143 2268 gubernatorem
1157 2195 1234 2243 esse
1249 2177 1354 2266 ne'ga·

360 2294 457 2367 runt,
471 2280 688 2366 affirmantes
705 2304 891 2376 nunquam
902 2306 977 2352 non
990 2281 1164 2352 exstitisse
1172 2278 1356 2388 gnundum

361 2412 425 2484 per
437 2414 474 2460 se
488 2388 620 2460 anullo
636 2387 765 2486 opifice
781 2389 980 2461 conditum.
997 2389 1180 2461 Naturales
1197 2402 1279 2461 sunt
1297 2387 1358 2484 qui

362 2512 569 2568 naturarum
585 2498 741 2569 actiones
758 2512 793 2568 et
809 2498 1004 2594 passiones,
1018 2510 1053 2566 et
1069 2519 1147 2590 quae
1164 2518 1207 2564 ex
1227 2495 1359 2566 mutuis

361 2629 484 2677 earum
495 2604 694 2677 actionibus
703 2609 880 2692 oriuntur,
893 2606 1010 2678 rimati
1018 2619 1113 2690 sunt,
1127 2618 1250 2699 etquae
1259 2603 1360 2700 plan·

362 2715 405 2784 tis
433 2715 665 2812 proprietates
698 2715 791 2803 sint,
837 2740 916 2812 quae
948 2710 1155 2786 animalium
1190 2711 1359 2792 membris

362 2823 589 2920 compositio,
602 2821 836 2916 indagarunt,
851 2827 928 2894 Deo
938 2798 1089 2918 gloriain
1098 2820 1310 2908 tribuentes,
1324 2835 1360 2891 et

362 2928 578 3000 affirmantes
587 2953 670 2999 eum
680 2943 878 3024 potentem,
894 2931 1090 3027 sapientem
1099 2943 1134 2998 et
1144 2930 1357 3000 omniscium

361 3062 456 3125 esse,
473 3037 539 3107 nisi
557 3035 656 3133 quod
673 3037 829 3107 animam
850 3058 1021 3106 unacum
1039 3057 1191 3132 corpore
1214 3036 1358 3107 interire

363 3170 428 3216 nec
448 3145 672 3242 superstitem
700 3167 774 3214 esse
798 3142 1004 3239 opinantur.
1018 3139 1190 3238 'lheologi
1213 3143 1357 3215 tandem

363 3254 439 3348 (seu
455 3251 701 3350 metaphysici)
715 3249 940 3349 appellantur
952 3274 971 3320 a
988 3250 1129 3320 Graeciae
1142 3248 1358 3346 sapientibus

362 3363 423 3457 qui
441 3361 496 3430 his
510 3376 669 3458 tempore
688 3360 901 3457 posteriores
917 3357 1026 3448 luere,
1046 3357 1169 3454 quales
1179 3360 1355 3445 Socrates,

364 3469 518 3542 Platonis
536 3485 744 3566 praeceptor,
760 3481 793 3536 et
814 3466 911 3536 Plato
930 3463 1136 3536 Aristotelis.
1157 3463 1358 3534 Aristoteles

400 3658 408 3689 ¹
431 3651 568 3730 Exempla
583 3650 705 3728 plurima
719 3650 846 3722 ejusdem
862 3648 975 3728 generis
990 3647 1132 3705 habentur
1146 3647 1175 3703 in
1190 3644 1289 3702 codice
1300 3647 1358 3703 Va-

361 3746 454 3802 ticano
472 3746 541 3800 att.

398 3837 409 3868 ²
432 3834 571 3901 Dalrr'dn,
587 3831 616 3889 id
629 3845 671 3889 est
685 3834 832 3900 orandam,
849 3842 915 3888 sunt
928 3829 1007 3906 apud
1019 3826 1128 3886 Arabas
1140 3839 1216 3884 secta
1227 3826 1357 3883 virorum

358 3925 532 4002 impiorum,
557 3923 740 3999 animamque
764 3921 858 3998 petire
880 3918 1069 3978 credentium.
1090 3923 1132 3974 lta
1148 3914 1354 3994 lexicographi.

363 4014 437 4090 (Vid.
454 4017 588 4091 Freytag,
604 4017 679 4070 Dict.
697 4011 777 4071 arab,
794 4015 859 4082 lat,
875 4030 896 4068 s.
913 4009 944 4070 h.
958 4013 1001 4082 v.)
1022 4027 1024 4034 ’
