3098 5126
582 532 627 546 -
657 447 777 560 ra'-
897 551 899 558 ,

184 661 319 712 nonem
338 631 608 737 peripateticum
633 636 747 734 qualis
772 637 870 733 apud
895 642 1002 733 Syros
1020 651 1183 735 receptus

183 762 269 822 erat.
1273 736 1285 752 ⁰

234 887 252 922 r<
277 861 332 926 De
361 857 479 926 curur's
503 869 655 952 propter
684 877 774 950 quas
802 854 945 949 scripsit
973 854 1184 924 Aratorem

185 987 295 1060 opera
310 987 389 1033 suu.
409 963 579 1060 Quinque
594 977 678 1033 sum
692 985 762 1050 res,
778 960 883 1032 idest
899 979 1027 1049 causae,
1043 960 1089 1032 de
1105 963 1183 1057 qui·

184 1069 251 1142 bus
267 1071 406 1168 scripsit
424 1069 626 1142 Aristoteles
642 1083 759 1140 totum
775 1093 869 1168 opus
880 1091 987 1140 suum
1003 1069 1182 1165 logicum:

186 1185 222 1251 4⁰
239 1179 286 1252 de
312 1179 460 1250 veritate
485 1177 660 1266 evidenti3
691 1181 728 1250 2⁰
757 1177 803 1248 de
833 1177 980 1248 veritate
1011 1177 1183 1264 obscura3

186 1289 222 1358 3⁰
244 1287 290 1358 de
315 1287 465 1359 falsitate
485 1285 659 1374 obscura3
691 1288 728 1358 [θ
755 1285 800 1356 de
829 1284 980 1356 falsitate
1006 1283 1183 1372 evidenti;

187 1396 223 1464 5⁰
238 1393 284 1465 de
300 1417 339 1465 re
351 1418 430 1491 quae
440 1407 558 1491 potest
571 1417 648 1465 esse
659 1407 696 1464 et
707 1414 783 1463 uon
798 1415 889 1463 esse.
905 1392 1117 1490 Exemplum
1128 1417 1188 1462 ve-

186 1503 298 1574 ritatis
336 1503 529 1574 manifestae
565 1502 760 1597 unicuique
798 1499 938 1572 homiui
961 1515 1015 1572 est
1041 1502 1188 1597 quando

186 1613 266 1708 quis
285 1610 373 1682 dicit
397 1607 597 1707 :Splendet
620 1607 687 1680 sol.
712 1607 925 1707 Exemplum
945 1609 1101 1680 veritatis
1123 1608 1191 1679 ob·

186 1743 310 1807 scurae,
329 1742 409 1815 quae
420 1741 496 1788 non
510 1716 656 1788 cuilibet
666 1717 787 1788 statim
801 1731 965 1813 apparet,
979 1731 1033 1786 est
1042 1717 1190 1813 qnando

188 1826 319 1924 dicitur
339 1854 347 1896 :
373 1831 510 1897 Lumen
532 1825 626 1898 lunae
642 1849 663 1896 a
679 1823 755 1895 sole
774 1825 955 1922 provenit.
980 1822 1192 1922 Exemplum

189 1935 367 2006 mendacii
378 1934 554 2006 evidentis
566 1947 620 2006 est
637 1961 645 2004 :
665 1932 727 2002 Sol
735 1955 810 2003 non
823 1947 964 2004 tanturn
976 1932 1070 2004 lucet
1079 1955 1193 2029 quan-

189 2057 267 2112 tum
293 2042 392 2112 luna.
414 2039 626 2137 Exemplum
649 2038 828 2110 mendacii
849 2040 949 2134 cujus
966 2039 1099 2111 falsitas
1116 2063 1192 2110 non

191 2149 308 2219 statim
335 2162 500 2246 apparet,
529 2161 583 2216 est
608 2173 616 2215 :
644 2145 706 2215 Sol
732 2169 808 2215 non
835 2161 888 2215 est
913 2161 1034 2216 tantus
1059 2158 1193 2242 quanta

190 2271 297 2328 terra.
323 2257 387 2326 Res
405 2252 584 2352 possibilis
607 2268 676 2340 est,
695 2251 797 2322 verbi
809 2255 935 2348 gratia,
958 2269 996 2324 ut
1013 2254 1095 2350 quis
1104 2277 1194 2351 pue·

192 2385 274 2432 rum
294 2361 420 2432 videns
437 2359 593 2431 motibus
609 2358 783 2450 alacrem,
804 2359 901 2432 dicat
923 2389 930 2429 :
951 2361 1016 2431 Hic
1033 2359 1196 2459 philoso-

193 2468 286 2565 phus
302 2469 386 2558 erit3
405 2469 541 2540 etenim
557 2467 677 2538 forsan
687 2466 788 2542 istud
798 2479 851 2539 est
863 2486 1010 2556 verum,
1025 2483 1061 2540 et
1075 2468 1196 2541 forsan

195 2599 270 2647 non
301 2591 367 2648 est.
408 2574 528 2646 Habes
552 2576 713 2672 quinque
742 2579 953 2672 argumenta
988 2575 1034 2647 de
1066 2576 1198 2672 quibus

194 2683 334 2780 scripsit
352 2682 570 2754 Aristoteles.
593 2685 713 2780 Opera
731 2705 814 2755 vera
832 2683 908 2780 ejus
927 2683 1004 2758 haec
1027 2699 1136 2756 sunt:
1157 2683 1199 2755 li-

195 2789 261 2862 ber
283 2790 572 2884 Cetegoriarum‚
595 2789 685 2860 liber
702 2795 775 2886 Περὶ
800 2788 997 2888 Eppuleiae,
1015 2791 1098 2862 libri
1124 2791 1198 2862 duo

195 2897 659 2996 Analyticornmfflraeterea
672 2895 754 2968 libri
766 2897 841 2968 duo
854 2898 917 2994 qui
926 2903 1201 2996 vocanturApo-

195 3005 343 3095 diction,
370 3005 407 3076 id
433 3020 489 3077 est
512 3004 697 3101 Anslytica
712 2995 926 3100 posteriora,
954 3020 991 3076 et
1014 3003 1097 3076 libri
1116 3021 1200 3077 octo

196 3113 425 3210 Topicorum.
447 3113 660 3208 Explreiunt
672 3137 729 3182 res
744 3111 787 3182 de
803 3111 926 3210 qulbus
937 3115 1080 3208 scripsit
1098 3116 1202 3184 Aris-

199 3219 331 3291 totelea.
356 3248 372 3284 u

246 3333 404 3426 Apparet
421 3351 536 3414 nunc,
556 3329 594 3398 ni
608 3328 724 3416 fallor,
740 3349 851 3424 quam
868 3329 992 3399 similis
1008 3329 1113 3400 suerit
1130 3328 1202 3400 lor—

199 3452 284 3509 tuna
305 3435 500 3510 Aristotelis
517 3437 614 3538 apud
637 3441 744 3532 Syros
769 3452 806 3507 et
834 3436 931 3535 apud
957 3439 1102 3510 Latinos
1131 3463 1205 3511 me·

200 3544 267 3616 diae
298 3547 422 3617 atatis.
452 3547 549 3641 Syris
577 3570 668 3641 quos
691 3545 864 3616 hactenus
897 3547 1051 3617 examini
1086 3545 1205 3641 subje-

201 3654 315 3724 cimus
343 3653 547 3725 Aristoteles
574 3653 792 3750 legiensem,
813 3667 930 3726 cetera
961 3655 1072 3750 ipsius
1096 3677 1205 3750 opera

201 3759 307 3857 plane
332 3763 455 3859 ignota
483 3775 579 3831 sunt.
616 3760 719 3831 Unde
736 3759 777 3829 fu
792 3775 833 3831 ut
853 3759 1080 3858 philosophia
1099 3762 1206 3858 Syro-

204 3893 284 3938 rum
304 3869 407 3940 nobis
424 3868 694 3941 similitudinem
715 3867 843 3940 reserat
866 3867 972 3968 hujus
990 3867 1208 3943 scholastica

204 3978 333 4074 prioris
346 3980 468 4066 etatis,
486 3977 623 4054 Alcuini
635 3992 697 4047 aut
714 3975 901 4064 Abaelardi,
912 3991 1103 4072 autequam
1111 3977 1206 4048 Aris·

204 4085 330 4156 toteles
355 4100 449 4157 totus
478 4111 497 4157 e
526 4085 645 4181 graecis
663 4085 882 4180 arabicisque
900 4083 1058 4154 fontibus
1077 4085 1208 4155 nostris
