3098 5126
614 521 661 534 ....
688 481 734 551 37
762 521 809 534 ..-

370 628 433 688 Aba
447 627 522 686 lilius
536 625 639 684 Bericlt
652 624 796 700 Sebjaneh

368 718 535 796 Composuit
548 716 654 774 librum
669 715 705 774 de
719 715 870 796 strategia,

367 810 402 864 Et
415 807 608 885 expositiones
621 819 650 865 ct
664 805 885 865 commentarios

366 899 452 956 Varia
467 898 589 957 refertos
605 897 794 956 cruditione¹.

257 1039 455 1110 Fatendum
474 1038 698 1111 Aristotelem
716 1037 765 1108 ibi
782 1052 903 1134 aperte
924 1060 998 1108 non
1018 1036 1204 1133 designari.

208 1145 278 1218 Sed
286 1146 512 1218 Barhebraeus
520 1171 684 1245 expresse
696 1145 878 1218 Marabam
888 1145 1009 1217 laudat
1019 1158 1057 1215 ut
1072 1143 1210 1216 theolo-

207 1251 271 1346 giae
284 1267 318 1325 et
336 1252 526 1326 dialecticae
545 1254 811 1352 peritissimum.
835 1257 967 1326 Rursus
993 1261 1119 1324 Amrus
1135 1254 1205 1326 ait:

209 1388 227 1426 «
244 1360 399 1434 Edootus
417 1363 520 1434 estin
544 1360 665 1435 schola
683 1362 858 1433 Modainae
877 1361 1087 1458 (Seleuciae),
1103 1385 1210 1459 expo·

207 1469 348 1566 suitque
373 1469 583 1566 theologum
606 1484 641 1541 et
666 1469 843 1567 quosdam
869 1470 980 1542 libros
1004 1467 1206 1555 dialecticae,

207 1591 240 1646 et
253 1576 410 1648 confecit
422 1578 735 1675 interpretationes
743 1583 766 1647 ².
798 1607 815 1644 υ

254 1699 350 1767 luter
358 1697 576 1794 patriarchas
587 1697 879 1769 Nestorianorum
888 1694 1116 1794 peripatetice
1126 1693 1208 1794 doc·

205 1816 284 1892 tos,
305 1828 494 1877 numerare
517 1829 584 1876 nos
600 1804 702 1900 jubet
720 1810 938 1876 Assemanus
959 1803 1127 1873 Surinum
1148 1805 1208 1873 Se-

204 1909 433 2004 leueiensem,
463 1913 526 2011 qui
553 1913 832 2012 patriarchatum
862 1911 965 1983 malis
990 1911 1124 1982 artibus
1150 1935 1208 1980 oc·

205 2019 348 2114 cupavit
374 2023 591 2107 annotat,
627 2020 709 2091 dein
748 2034 1018 2107 exauctoratus,
1054 2024 1207 2090 Bassorae

205 2126 397 2224 episcopus
414 2126 526 2198 factus
546 2142 610 2198 est.
631 2132 711 2198 Haec
728 2126 905 2220 Ebedjesu
927 2153 934 2192 :

364 2293 486 2352 surinus
499 2305 709 2351 commentator
721 2293 833 2372 scripsit

351 2379 542 2440 *Solutionem
556 2380 700 2458 opinionis
712 2382 930 2451 haereticorum,

363 2471 457 2529 Graeci
470 2473 612 2530 sermonis
625 2485 784 2542 structura,

362 2563 397 2618 Et
410 2561 667 2654 demonstrationes
681 2576 709 2622 et
723 2563 919 2640 questiones&

253 2708 347 2779 Nihil
370 2710 405 2780 in
431 2709 488 2780 his
511 2709 629 2781 verbis
646 2710 780 2782 indicat
800 2715 971 2784 Surinum
988 2715 1205 2787 transtulisse

203 2829 265 2885 aut
280 2817 485 2912 exposuisse
501 2816 740 2888 Aristotelem.
756 2816 973 2890 Assemauus
987 2836 1108 2892 autem
1127 2847 1203 2894 rem

202 2922 356 3018 probare
373 2924 498 2995 nititur
515 2922 678 3022 adhibito
698 2923 780 2996 loco
804 2925 962 3021 quodam
980 2928 1202 3002 Moiramme·

203 3030 258 3101 dis
283 3030 349 3101 lbn
372 3030 509 3124 labeki,
537 3033 692 3103 auctoris
711 3030 792 3102 libri
817 3034 875 3103 cui
896 3034 1018 3106 titulus
1034 3036 1204 3107 atrab-el-

201 3137 356 3224 altrat,
380 3140 442 3234 qui
461 3138 507 3210 de
524 3137 767 3237 Metaphysica
785 3163 910 3236 agens,
931 3142 979 3212 ait
999 3169 1007 3212 ε
1027 3147 1205 3238 Exposuit

119 3259 124 3276 ¹
201 3246 377 3338 Syrianam
388 3243 515 3316 librum
525 3253 628 3335 Belo,
642 3273 827 3344 versusque
836 3264 891 3318 est
898 3248 1050 3340 arabice,
1067 3249 1202 3348 vidique
1266 3310 1272 3322 s

200 3351 292 3422 leone
307 3355 564 3450 expositionem
580 3356 753 3451 serpulum
769 3381 885 3442 manu,
896 3355 1014 3451 Jatya
1029 3355 1094 3426 beu
1112 3356 1197 3444 Adi,

201 3461 239 3528 in
260 3459 421 3561 catalago
442 3461 612 3532 librorum
633 3464 756 3560 psius.
785 3464 841 3534 Sic
863 3465 994 3560 legerat
1015 3467 1200 3562 Hottinge-

200 3570 289 3655 rus‘,
311 3594 420 3664 quem
439 3575 650 3642 assemanus
676 3571 926 3669 reprehendit,
947 3573 1114 3668 idemque
1132 3572 1200 3669 legi

238 3769 246 3802 ¹
268 3773 393 3843 Assem,
411 3784 431 3832 t.
447 3775 502 3844 111,
517 3792 584 3849 pars
597 3776 622 3843 1,
639 3795 667 3850 p.
688 3777 825 3832 tat-158.

237 3869 248 3902 ²
269 3867 356 3939 Ibid,
373 3893 402 3949 p.
421 3875 488 3932 157.

238 3969 248 4004 ¹
268 3968 357 4044 Ibid.,
372 3993 400 4050 p.
421 3977 566 4035 tos-169.

238 4074 248 4108 ⁴
267 4073 342 4131 Bibl.
359 4083 472 4148 orient„
489 4099 518 4156 p.
536 4080 661 4138 tto-tt.
