3098 5126
741 460 939 528 ...28-

341 601 477 680 Jacobo
492 603 673 700 Edesseuo
686 619 810 702 postea
824 606 963 702 scriptae
975 621 1075 694 sunt,
1091 630 1132 679 ac
1149 606 1195 678 de
1211 608 1342 704 quibus

341 708 432 780 infra
450 709 599 784 dicetur.

390 818 428 888 3⁰
452 823 635 892 Tractatus
657 827 713 891 De
741 822 883 890 rwmt'ne
907 837 949 891 et.
969 820 1086 909 verbo,
1102 823 1207 918 ,parti
1230 823 1342 920 priori

234 931 239 939 '
341 921 423 994 libri
431 929 507 1023 ssepi
525 911 703 1025 ‘Eppnnlioee
716 927 955 1026 respondens
991 961 996 972 ·

390 1032 428 1104 4⁰
450 1038 632 1110 Tractatus
647 1043 704 1107 De
715 1039 968 1134 affirmateoue
982 1052 1020 1106 et
1033 1039 1232 1134 negatione,
1248 1037 1341 1135 parti

341 1136 442 1210 alteri
459 1140 620 1235 ejusdem
635 1141 719 1214 libri
736 1141 971 1241 respondens.

392 1248 429 1315 5⁰
453 1250 554 1346 Opus
566 1251 625 1321 cui
642 1249 764 1322 titulus
785 1277 793 1320 :
813 1248 915 1321 Liber
928 1249 1133 1322 Aristotelis
1147 1249 1338 1341 decuma,

342 1352 442 1447 quod
473 1355 565 1426 tituli
601 1357 778 1455 promissa
805 1358 999 1445 mentiens,
1034 1357 1185 1428 omnino
1221 1357 1341 1428 diver·

342 1485 423 1531 sum
443 1475 497 1532 est
513 1485 534 1534 a
551 1477 702 1536 tractatu
720 1469 793 1561 Περὶ
815 1465 914 1560 ψυχῆς
941 1463 1152 1535 Aristotelis.
1178 1468 1216 1534 ln
1235 1466 1341 1560 quin·

342 1591 414 1664 que
426 1571 641 1666 questiones
656 1573 828 1646 dividitur
847 1599 855 1643 :
877 1577 914 1644 l‘'
934 1577 987 1642 An
1005 1572 1050 1643 sit
1072 1571 1212 1659 anima3
1239 1578 1276 1645 2⁰
1295 1596 1341 1644 an

341 1675 462 1748 anima
474 1677 519 1748 sit
530 1684 617 1752 οὐσία
627 1707 637 1771 3
649 1683 687 1753 3⁰
700 1704 746 1751 au
759 1679 861 1770 illud,
876 1679 976 1777 quod
989 1704 1064 1750 non
1078 1693 1132 1751 est
1141 1701 1287 1776 corpus,
1299 1681 1342 1750 sit

341 1782 477 1874 anima3
494 1787 531 1858 4⁰
548 1812 594 1859 an
613 1788 659 1860 sit
685 1788 805 1860 anima
829 1787 996 1884 simplex3
1028 1791 1064 1860 5⁰
1091 1811 1137 1858 an
1158 1787 1203 1858 sit
1222 1788 1342 1859 anima

341 1889 584 1988 intelligibilis.
613 1896 678 1967 Hic
695 1907 816 1969 autem
838 1894 930 1966 liber
949 1895 1007 1967 sic
1022 1895 1169 1993 incipit:
1189 1924 1206 1959 «
1224 1896 1342 1968 Omne

341 1998 442 2094 quod
459 2015 529 2091 est,
547 2017 609 2074 aut
627 2028 693 2101 per
717 2027 842 2075 sensus
860 2004 1101 2100 cognoscitur,
1120 2017 1181 2073 aut
1201 2026 1266 2101 per
1288 2026 1342 2072 ra-

342 2107 478 2180 tionem
497 2111 692 2208 attingitur.
718 2110 827 2198 Quod
847 2111 944 2184 cadit
961 2111 1028 2184 sub
1053 2135 1190 2200 sensus,
1210 2111 1343 2208 perfec·

341 2229 416 2286 tam
435 2217 569 2314 praehet
591 2220 646 2290 sui
671 2220 782 2318 ipsius
798 2221 1054 2316 cognitionem.
1080 2219 1149 2291 Ubi
1176 2219 1271 2290 euim
1285 2241 1341 2289 res

341 2323 508 2418 quaelibet
518 2327 682 2400 sensibus
693 2329 829 2427 pervia,
849 2328 946 2400 cadit
958 2328 1026 2399 suh
1039 2351 1154 2398 unum
1172 2352 1213 2398 ex
1232 2325 1341 2397 sensi·

340 2427 546 2530 bus,-hujus
559 2436 612 2506 rei
628 2450 756 2507 natura
774 2437 1016 2529 cognoscitur.
1037 2439 1171 2506 Contra
1188 2459 1244 2504 res
1264 2457 1343 2530 quae

340 2556 460 2613 mente
481 2544 677 2639 attingitur,
702 2566 777 2614 non
807 2543 1035 2638 cognoscitur
1060 2541 1127 2612 nisi
1153 2565 1218 2638 per
1243 2553 1343 2610 actus

340 2671 438 2721 suos.
460 2651 587 2721 Anima
605 2674 705 2747 ergo,
730 2649 885 2721 obscura
905 2649 943 2720 in
965 2663 1093 2720 natura
1111 2671 1195 2736 sua,
1214 2670 1342 2744 opera·
1383 2738 1399 2758 .

341 2758 438 2830 tione
457 2782 521 2830 sua
534 2759 774 2856 cognoscitur.
792 2788 808 2822 »
826 2762 879 2829 An
897 2758 963 2830 ista
977 2758 1049 2831 siut
1066 2781 1215 2854 egraeco
1228 2769 1342 2827 traus-

340 2863 423 2951 lata‚
443 2891 489 2938 an
504 2891 525 2938 a
541 2892 623 2964 syro
639 2866 788 2939 homine
811 2867 1014 2964 conscripta
1035 2866 1071 2937 in
1090 2864 1211 2936 medio
1233 2863 1343 2934 relin-

340 2998 435 3070 quo;
455 2974 518 3046 sed
531 2987 708 3072 quantum
719 2974 982 3068 sensibustota
999 2974 1058 3044 illa
1076 2973 1241 3045 doctriua
1257 2997 1342 3042 con·

341 3081 512 3171 tinuatur,
536 3082 683 3154 cuilibet
697 3082 829 3178 legenti
846 3081 992 3180 patebit.

369 3191 426 3286 ¹6⁰
456 3195 666 3287 Fragmenta
690 3190 850 3288 quinque
866 3188 989 3262 brevia
1013 3193 1082 3286 περὶ
1101 3191 1219 3276 οὐσίας,
1240 3201 1275 3259 ct
1297 3185 1342 3256 de

341 3298 488 3369 nornine
513 3299 691 3396 generali,
718 3303 924 3400 Isagogaeet
948 3299 1043 3370 libro
1062 3302 1135 3394 Περὶ
1164 3294 1342 3393 'Eppuleiae

341 3407 610 3503 respondentia.

390 3514 499 3586 Vides
526 3531 662 3612 quanto
695 3516 835 3588 fervore
869 3517 1010 3611 Sergius
1045 3532 1166 3588 noster
1196 3510 1342 3584 insuda·

341 3623 432 3696 verit
448 3637 525 3694 tum
546 3622 728 3696 vertendis
752 3622 959 3696 auctoribus
984 3624 1123 3720 graecis,
1148 3637 1226 3692 tum
1245 3618 1344 3690 libris
1431 3687 1433 3696 .

341 3731 604 3828 componendis
646 3731 753 3830 logici
792 3730 993 3827 medicique
1038 3728 1249 3828 argumenti.
1289 3731 1344 3824 lp·

341 3838 414 3909 sius
441 3839 589 3935 quidem
614 3841 793 3912 versiones
816 3839 914 3936 gravi
943 3862 1093 3911 censura
1116 3835 1343 3936 prosequitur

341 3944 407 4017 lbn
426 3945 489 4017 Abi
508 3947 654 4018 Oceihia
671 3977 679 4020 :
699 3948 774 4019 haec
788 3949 885 4021 enim
899 3948 956 4020 ille
974 3975 981 4017 :
1001 3978 1018 4011 a
1032 3945 1221 4017 Transtulit
1234 3942 1343 4014 libros

343 4051 487 4142 multoS,
508 4053 571 4124 sed
590 4054 780 4126 mediocris
801 4055 866 4124 suit
882 4055 918 4126 in
934 4050 1195 4126 transferendo.
1216 4055 1344 4120 Emen-

859 4209 868 4270 l
