3098 5126
620 520 818 586 ...11-

217 667 437 766 Euphratem
454 681 596 766 recepta
614 682 678 739 est.
705 667 796 738 Viris
825 665 986 739 litteratis
1017 668 1221 740 nestoriana

216 775 386 874 dogmata
401 797 631 874 summopere
651 772 826 874 placuisse
848 773 1034 866 videntum
1054 797 1096 846 ac
1116 771 1220 845 silen·
1313 757 1337 855 ,'

217 883 268 955 tio
278 885 450 982 praeteriri
463 887 589 982 nequit
602 901 777 984 quantum
792 899 889 956 secta
906 882 965 954 illa
980 882 1077 982 apud
1090 882 1219 953 Orien-

217 991 305 1064 tales
317 991 364 1064 ad
378 991 574 1065 excolenda
583 994 728 1089 ingenia
736 991 922 1091 profuerit.
941 993 1140 1079 Persarum,
1153 987 1220 1060 sub

217 1102 369 1198 imperio
386 1125 511 1198 regum
525 1101 814 1188 Sassanidarum,
834 1115 913 1172 tota
929 1099 1047 1172 studia
1061 1123 1082 1169 a
1098 1101 1221 1170 Nesto-

217 1208 326 1279 rianis
337 1209 513 1304 originem
522 1207 716 1298 ducebant,
726 1208 934 1306 Arabasque
944 1203 990 1278 ab
1002 1205 1130 1279 iisdem
1142 1206 1222 1304 phi·

217 1313 391 1413 losophiae
408 1339 527 1413 graecae
546 1315 752 1389 rudimenta
767 1315 927 1388 hausisse
944 1338 1043 1405 mox,
1057 1311 1126 1385 nisi
1139 1337 1221 1410 spes

217 1445 276 1494 me
294 1421 399 1515 fallit,
421 1423 692 1496 demonstrabo.
709 1423 870 1514 Indiam,
889 1423 1105 1511 Tartariam,
1122 1421 1222 1492 Mon-

217 1526 366 1624 goliam,
383 1531 550 1601 Sinarum
566 1532 758 1631 imperium
774 1529 979 1604 incredibili
993 1528 1122 1602 ardore
1139 1552 1222 1600 con·

215 1634 276 1704 citi
291 1639 783 1737 pervaserunt¹30igurosque
798 1634 923 1711 litteris
935 1637 988 1708 uti
1003 1636 1218 1708 docuerunt.

214 1743 379 1841 Denique
404 1769 471 1843 per
488 1759 599 1818 totam
618 1748 735 1818 Asiam
758 1745 960 1818 Nestoriani
986 1742 1218 1831 Perr'odeutae‚

215 1863 255 1920 ut
273 1849 458 1946 dicebant,
479 1871 514 1926 et
532 1851 642 1926 fidem
659 1854 891 1927 christianam
908 1868 944 1924 et
961 1852 1095 1924 litteras
1112 1851 1221 1946 syria-

214 1977 274 2027 cas
290 1958 396 2030 simul
413 1961 640 2034 invexerunt.

263 2070 346 2154 Quo
372 2083 536 2168 tempore
564 2087 600 2143 et
630 2096 703 2168 quo
727 2087 835 2168 pacto
858 2071 1066 2142 nestoriana
1091 2065 1223 2165 placita

215 2175 312 2272 apud
332 2178 440 2272 Syros
457 2177 526 2248 sibi
543 2177 655 2248 fidem
670 2177 818 2247 fecerint
832 2178 895 2248 diu
913 2191 966 2248 est
983 2175 1219 2272 disputatum.

215 2285 429 2355 Assemanus
451 2307 539 2356 vero
557 2285 657 2356 litem
680 2283 825 2356 diremit
833 2287 856 2374 ⁸,
876 2282 1113 2382 probavitque
1138 2306 1220 2354 nes·

214 2389 464 2464 torianismum
478 2418 500 2464 a
516 2393 611 2489 Syris
625 2407 811 2490 receptum
828 2387 934 2464 luisse
950 2391 1043 2462 circa
1056 2405 1222 2487 tempora

213 2493 344 2591 synodi
367 2499 555 2600 Ephesinae
584 2501 702 2597 (anno
727 2502 832 2598 tat).
862 2505 940 2572 lmo
965 2500 1046 2598 Syri
1069 2510 1222 2571 conten-

213 2600 305 2675 dunt
325 2631 363 2679 se
376 2607 471 2680 hanc
490 2609 693 2680 doctrinam
711 2625 794 2682 ante
825 2609 1027 2682 Nestorium
1049 2605 1219 2693 tenuisse,

213 2733 454 2811 necunquam
467 2715 568 2787 aliter
586 2716 632 2788 de
650 2713 780 2789 Christi
802 2739 958 2816 persona
976 2716 1139 2798 saisisse.
1157 2715 1222 2782 Ut-

212 2837 369 2918 cumque
390 2825 435 2894 sit
451 2822 498 2894 de
517 2822 588 2894 hac
613 2823 811 2920 quaestione
839 2824 1084 2922 opinandum,
1111 2843 1221 2917 quam

213 2925 390 3026 theologis
413 2931 499 3002 viris
535 2930 747 3002 solvendam
777 2931 966 3028 relinquo,
997 2943 1136 3002 certum
1168 2942 1222 2998 est

214 3033 375 3107 scholam
393 3037 636 3130 Edessenam,
659 3060 737 3134 quae
757 3037 880 3109 schola
899 3043 1096 3109 Persarum
1119 3035 1221 3108 dice-

212 3139 332 3234 batur,
368 3146 526 3244 primum
542 3139 610 3218 'his
632 3146 866 3244 opinionibus
891 3147 998 3217 fuisse
1028 3143 1217 3233 infectam,
1348 3145 1355 3158 '

214 3251 371 3350 indeque
409 3259 533 3328 Persas
565 3255 730 3328 haeresim
767 3256 863 3328 hanc
893 3256 1084 3344 didicisse,
1110 3277 1220 3350 quam
1328 3241 1333 3251 ’

214 3373 338 3457 postea
348 3385 414 3459 per
430 3377 544 3435 totam
557 3366 674 3436 Asiam
695 3362 916 3462 superiorem
932 3360 1216 3458 divulgaverunt.

254 3572 262 3606 ¹
283 3573 326 3632 Cf.
339 3573 489 3632 Assemani
502 3572 578 3631 aut.
592 3575 707 3645 orient,
722 3585 743 3630 t.
761 3575 815 3644 111,
831 3591 898 3650 pars
911 3572 961 3631 alt.
978 3592 1041 3650 cap.
1058 3591 1099 3632 nr.
1111 3573 1219 3629 -ne-

214 3669 289 3722 cueil
297 3666 334 3720 de
347 3685 464 3743 voyages
478 3678 507 3721 et
518 3665 665 3722 me'muires
675 3663 788 3740 publie's
798 3686 857 3740 par
872 3669 901 3722 Ia
919 3669 1028 3723 Societe‘
1042 3667 1077 3720 de
1095 3668 1219 3742 Gdogrd-

210 3755 291 3828 plaic,
307 3765 327 3810 t.
342 3757 394 3826 IV,
409 3775 438 3833 p.
453 3757 493 3814 25
506 3767 535 3812 et
552 3773 615 3832 sqq.
629 3787 670 3799 -
683 3754 823 3813 Gulielmi
836 3753 873 3813 de
883 3753 1003 3812 Rubruk
1017 3753 1217 3826 itinerarium,
1252 3783 1261 3802 ·

212 3841 283 3901 ibid.
301 3864 330 3922 p.
348 3846 418 3915 aot,
432 3863 495 3922 sqq.
515 3877 556 3890 -—
567 3843 680 3903 Paulini
698 3865 715 3903 a
733 3847 763 3903 S.
781 3844 992 3903 Bartholomaeo
1004 3848 1135 3902 Examen
1149 3845 1214 3903 hist.

213 3938 276 3992 aral.
295 3939 377 3992 codd.
399 3937 553 3992 indicorum
573 3933 638 3992 bibl.
657 3937 794 4013 Propag,
813 3955 843 4013 p.
864 3937 916 4004 68,
936 3936 986 3994 69.
1008 3967 1049 3980 -·-
1067 3933 1216 4006 Reinaud,

215 4028 312 4101 Ge'ogr.
330 4024 515 4098 d’Abulfeda,
533 4024 644 4083 Introd.
661 4045 690 4103 p.
706 4045 753 4098 cn,
771 4043 834 4103 sqq.
1297 4008 1305 4023 ⁵

252 4126 263 4158 ¹
282 4125 358 4183 Bibt.
376 4135 490 4197 ortena,
507 4141 526 4185 t.
543 4129 595 4195 Ill,
611 4147 678 4204 pars
692 4128 740 4186 alt.
757 4149 784 4206 p.
801 4149 892 4194 varr,
909 4145 972 4202 sqq.
