3098 5126
784 422 977 492 ...66-

384 575 475 662 ticae,
484 570 638 670 physicae
648 585 683 641 et
696 567 881 664 theologiae
893 568 1161 665 compendium.
1181 575 1301 648 Exstat
1311 577 1377 650 Pa·

383 681 486 772 risiis,
501 680 538 750 in
552 676 678 750 codice
692 678 776 766 138,
792 676 926 771 syriace
937 690 974 747 et
983 675 1214 752 karsciuniee.
1235 683 1271 756 3⁰
1279 681 1379 756 Liber

382 787 606 878 nouorum,
626 785 770 857 Politice
791 785 1096 858 etooconomica
1121 787 1376 888 complectens,

383 898 420 969 in
431 895 800 974 codicevaocanotu
816 895 929 968 11172
937 891 1202 992 (karsoiunice).
1211 898 1247 969 1ο
1253 901 1378 996 logica

381 1007 571 1081 avicenna
586 1003 721 1100 syriaco
734 1001 916 1090 translata,
929 1002 967 1072 in
978 999 1277 1087 codiceVeticano
1292 1009 1375 1088 191.

383 1108 1376 1213 5⁰Opuspraestautissimum,cuititnlnsHewatltecmetc,

381 1245 443 1292 seu
460 1227 634 1316 Butyrum
645 1219 839 1313 sapientiae,
864 1216 964 1314 quod
980 1232 1093 1294 totam
1109 1220 1379 1319 peripateticam

381 1328 607 1428 disciplinam
629 1325 899 1424 complectitur,
921 1322 1108 1423 hodieque
1126 1353 1195 1426 pro
1215 1328 1377 1426 philoso-

381 1435 475 1535 phiae
488 1440 637 1519 Summa¹
653 1434 751 1533 apud
762 1437 870 1529 Syros
879 1433 1047 1520 homines
1057 1433 1224 1526 habetur,
1240 1451 1280 1510 ut
1290 1437 1379 1526 mihi

380 1543 548 1645 sacerdos
556 1542 734 1622 chaldeus
744 1541 970 1626 Mossulensis
987 1540 1217 1626 affirrnahat¹.
1229 1543 1379 1640 Codices

380 1667 500 1728 tamen
520 1651 627 1748 hujus
649 1651 768 1748 operis
785 1650 822 1731 iu
844 1653 988 1748 Europa
1005 1650 1077 1734 rari
1098 1667 1195 1742 sunt,
1215 1677 1379 1750 unusque

381 1785 490 1856 quem
502 1761 612 1836 seiam
628 1757 845 1858 jampridem
868 1755 1084 1842 noscebatur
1099 1759 1138 1839 in
1161 1759 1380 1844 bibliotheca

380 1867 538 1943 Medioea
563 1867 817 1954 Laurentium,
848 1862 992 1941 duobus
1021 1865 1264 1950 uoluminibus
1289 1893 1378 1944 con·

380 1989 477 2048 stans
490 1977 544 2073 (n0
558 1973 751 2072 lacum).
779 1977 855 2071 Ego
871 1997 957 2058 vero
974 1973 1116 2072 pluteos
1130 1974 1242 2075 hujus
1253 1975 1380 2058 biblio

380 2084 490 2158 thecae
512 2083 721 2182 inspiciens,
760 2081 996 2164 animadverti
1028 2081 1172 2159 codices
1207 2100 1376 2182 quatuor,

380 2191 511 2290 quibus
528 2191 670 2265 numeri
687 2193 771 2280 176,
788 2193 873 2279 177,
901 2192 985 2282 178,
1004 2193 1074 2274 179
1096 2190 1203 2272 adfixi
1221 2206 1319 2282 sunt,
1342 2207 1378 2264 et

380 2302 456 2398 qui,
466 2301 497 2374 si
514 2298 670 2374 Evodius
692 2303 904 2378 assemanus
924 2301 1163 2389 umuoessev,
1185 2299 1379 2382 Aristotelis

380 2408 627 2486 tramlationes
655 2405 701 2492 alr
729 2411 896 2486 Honeino
922 2405 1103 2488 confectas
1130 2408 1378 2498 continerent,

380 2539 504 2593 revera
528 2513 695 2592 exhibere
723 2528 877 2611 partem
889 2515 1048 2610 priorem
1079 2513 1382 2612 encyclica-pedire

380 2623 589 2711 hebraeanae,
617 2622 666 2694 ita
691 2634 733 2700 ut.
755 2637 912 2718 quatuor
934 2620 974 2698 hi
996 2620 1139 2720 codices
1171 2621 1240 2704 uni,
1263 2622 1383 2706 codici

380 2729 620 2805 Laurentiano
632 2730 705 2803 186
719 2728 963 2827 respondeant
974 2755 982 2800 :
995 2742 1079 2812 sunt
1095 2728 1324 2812 ¹enimaitido
1340 2755 1382 2808 ao

380 2836 570 2936 splendido
594 2836 800 2919 charactere
813 2838 953 2942 excat,
965 2836 1011 2922 ab
1029 2838 1108 2936 ipso
1126 2838 1282 2923 Antonio
1306 2839 1382 2913 Sio-

380 2947 467 3036 nita,
482 2947 660 3018 maronita
677 2945 832 3021 erudito.
850 2950 933 3024 llaec
944 2958 1066 3026 autem
1079 2960 1135 3023 est
1143 2947 1252 3028 totius
1263 2947 1382 3044 operis

381 3055 557 3152 synopsis.
585 3057 626 3124 ln
649 3067 722 3128 tres
739 3066 859 3152 partes
883 3050 1066 3141 dividitur,
1085 3074 1239 3150 quarum
1265 3055 1382 3152 prima

381 3183 513 3233 novem
532 3159 630 3234 libris
648 3159 864 3240 absolvitur:
878 3164 906 3230 l.
927 3164 1091 3257 Isagoge3
1105 3165 1150 3231 ll.
1169 3163 1379 3259 Cetegoriaea

380 3273 439 3339 lll.
460 3273 531 3365 Περὶ
553 3265 750 3366 ‘lippientium
779 3272 839 3343 lV.
869 3267 1135 3365 analyticorum
1157 3267 1379 3370 liberpriom

381 3379 424 3445 V.
457 3375 722 3474 Analyticorum
743 3375 835 3451 liber
861 3377 1059 3475 posterior3
1086 3382 1145 3448 Vl.
1171 3377 1379 3466 Dialectica3

381 3486 456 3553 Vll.
478 3482 694 3582 sophistica3
710 3488 802 3556 Vlll.
820 3483 1028 3573 Rhetorica3
1048 3489 1107 3556 lx,
1127 3485 1280 3559 Poetiea.
1297 3489 1382 3558 Pars

420 3743 429 3776 ¹
451 3746 626 3802 assemanus
642 3743 731 3816 (aiot.
760 3747 873 3812 orient,
890 3755 910 3800 1.
928 3746 966 3811 11,
985 3763 1013 3820 p.
1033 3745 1102 3814 270)
1125 3760 1279 3822 perperam
1298 3756 1382 3802 vocat

381 3832 457 3890 istud
470 3826 544 3910 opus
563 3832 663 3889 librum
684 3837 828 3908 sapientiae
848 3840 1069 3910 sapientiarum,
1089 3833 1171 3908 quasi
1189 3833 1288 3900 titulus
1308 3846 1383 3896 esset

384 3929 506 3982 Hecmat
516 3923 647 3979 hecmeto.

403 4039 414 4070 ’
436 4041 528 4099 canl.
550 4039 632 4100 codd.
654 4040 752 4100 orient.
770 4040 836 4098 bibl.
857 4009 931 4098 medi
948 4042 1086 4108 laurent,
1102 4057 1131 4116 p.
1150 4039 1218 4106 322.
