3098 5126
770 499 967 567 ...fils-

294 626 300 641 ⁸
372 667 470 732 nem,
493 643 721 716 manifestant
736 645 843 716 etiam
860 645 1076 718 medicinam
1093 671 1299 746 corporum,
1319 653 1374 724 in·

370 751 492 824 dicant
508 751 588 823 orbi
604 751 842 824 directionem
857 754 1086 849 negotiorum
1105 769 1140 825 et
1161 758 1373 854 sapientiam

369 884 559 933 summam.
598 861 681 930 Sine
709 859 766 930 his
791 859 991 932 ethnicismi
1021 861 1214 935 virtutibus
1241 890 1372 938 vacuus

370 967 492 1040 suisset
511 967 623 1058 orbis,
650 981 759 1062 atque
773 968 896 1065 inopia
917 983 953 1040 et
969 984 1122 1066 egestate
1143 971 1368 1046 obductus.»

836 1285 904 1364 lX.

368 1500 414 1552 De
440 1498 547 1552 ultimis
558 1491 636 1568 satis
650 1495 834 1570 philosophia
855 1499 937 1570 apud
952 1499 1045 1572 Syros.
1067 1530 1108 1542 -
1130 1502 1175 1556 De
1192 1499 1367 1562 Barlebrao,

418 1705 469 1774 Ex
487 1726 580 1798 quo,
599 1716 638 1772 ut
662 1726 771 1800 supra
789 1702 1034 1792 ostendimus,
1055 1704 1153 1798 Syri,
1176 1705 1371 1800 praesertim

369 1811 582 1899 Nestoriani,
597 1809 754 1882 Arabum
765 1810 923 1906 magistri
935 1810 1016 1882 facti
1030 1826 1127 1895 sunt,
1140 1810 1370 1910 philosophia

368 1918 572 2012 Syroruma
591 1915 817 2014 philosophia
835 1917 991 1989 Arabum
1005 1917 1142 1990 secerni
1155 1942 1230 1988 non
1245 1917 1366 2006 debet,

368 2025 518 2122 Syrique
531 2049 630 2123 paene
642 2027 844 2122 omnesqui
860 2025 907 2097 de
917 2024 974 2096 his
985 2025 1182 2125 disciplinis
1193 2024 1366 2114 scribunt,

368 2132 510 2204 arabice
540 2131 714 2204 scribunt.
746 2131 930 2216 Asaeculo
950 2133 1035 2205 inde
1067 2160 1121 2224 rx,
1151 2132 1283 2206 scholae
1309 2158 1366 2228 sy·

367 2242 470 2322 riacae
486 2241 638 2318 omniuo
654 2238 840 2336 languent,
854 2241 904 2311 ita
923 2256 980 2332 ut,
1001 2256 1089 2314 teste
1105 2241 1292 2337 Sabarjesu
1303 2264 1365 2339 pa·

369 2347 534 2438 triarcba,
553 2371 651 2420 anno
668 2349 740 2420 834
759 2346 952 2436 scribente,
973 2349 1122 2422 «nullus
1135 2350 1210 2445 jam
1226 2348 1369 2444 juvenis

365 2455 541 2528 litteratus
571 2455 814 2545 inveniretur,
844 2457 1074 2554 magistrique
1110 2454 1290 2527 scholares
1322 2453 1368 2527 ad

368 2562 580 2636 discendum
596 2579 778 2660 cogerent,
794 2565 886 2636 sicut
903 2562 1033 2635 medici
1050 2587 1163 2660 aegros
1177 2560 1223 2635 ad
1237 2561 1368 2658 absyn-

367 2671 497 2764 thium,
515 2669 954 2761 velsocotorinamaloen,
965 2695 1031 2743 nec
1044 2669 1092 2743 ad
1104 2668 1265 2744 scholam
1276 2671 1369 2767 quis·

367 2804 477 2876 quam
497 2780 635 2852 veniret
653 2778 833 2853 uisi'lame
852 2783 1031 2853 coactus¹.
1050 2780 1186 2852 »Circa
1204 2803 1238 2850 a.
1256 2779 1366 2868 ⁴080,

367 2887 530 2960 videmus
547 2889 798 2961 Nestorianum
820 2886 1034 2984 quemdam,
1064 2887 1211 2958 nomine
1228 2884 1367 2981 Jahjam

367 2994 439 3066 ben
478 2995 640 3091 Djezala,
683 2996 764 3093 qui,
799 3020 914 3092 quum
957 2993 1180 3064 dialecticam
1230 2991 1368 3065 discere

367 3117 533 3200 cuperet,
555 3103 744 3200 nullusque
769 3117 860 3174 esset
880 3103 917 3172 in
944 3100 1002 3172 illa
1022 3115 1119 3172 secta
1142 3124 1186 3171 eo
1203 3114 1367 3200 tempore

365 3211 520 3282 scientiae
563 3210 648 3282 huic
691 3211 864 3282 docendae
904 3209 1084 3298 idoneus,
1129 3207 1366 3281 Motazelitam

366 3320 561 3414 quemdam
579 3321 788 3417 magistrum
805 3319 872 3390 sibi
888 3342 1030 3390 sumere
1046 3333 1193 3390 coactus
1208 3331 1279 3403 est,
1304 3319 1367 3414 qui

366 3427 513 3523 quidem
530 3425 654 3524 logicis
668 3428 763 3498 tricis
779 3426 929 3498 adduxit
946 3426 1132 3498 bominem
1149 3424 1195 3496 ad
1215 3423 1365 3494 islamis·

366 3556 466 3605 mum
483 3532 755 3632 profitendum¹.

414 3642 584 3718 Nonnulli
603 3657 723 3714 tamen
747 3642 824 3736 Syri
844 3641 1071 3737 reperiuntur
1089 3637 1208 3710 adhuc
1230 3639 1294 3734 qui
1313 3663 1366 3736 sy·

364 3749 457 3820 riace
474 3749 785 3847 philosophantur.
808 3751 860 3818 Eo
883 3771 969 3819 vero
987 3746 1156 3818 differunt
1172 3769 1194 3817 a
1210 3745 1366 3843 philoso-

404 3970 413 4005 ¹
435 3974 560 4039 Assem„
576 3971 650 4030 Bibl.
669 3975 784 4040 orient,
800 3984 820 4028 t.
836 3974 895 4043 111,
913 3991 980 4049 pars
993 3974 1037 4044 11,
1053 3991 1082 4048 p.
1100 3989 1188 4028 cm.

403 4080 415 4112 ¹
437 4085 546 4140 Assem.
563 4081 637 4138 Bibl.
653 4089 769 4154 orient„
785 4095 805 4139 t.
822 4085 879 4154 111,
895 4101 961 4162 pars
975 4087 1004 4154 1,
1021 4103 1050 4160 p.
1066 4083 1187 4142 uls-⁴9.
