3098 5126
594 483 788 554 ..13-

193 631 306 701 teticis
335 631 509 727 originem
538 627 729 702 ducebant.
760 634 837 702 illos
865 628 925 702 hic
950 633 1127 730 praecipue
1155 633 1193 703 in

194 737 312 809 Cilicia
339 753 374 811 et
403 738 503 834 Syria
533 737 712 828 invaluit,
742 737 805 810 ubi
835 739 1060 810 nestorianus
1093 763 1194 812 error
1319 762 1325 775 ·

193 846 296 941 quasi
319 845 456 918 radices
474 869 615 944 semper
637 847 775 919 habuit.
802 847 860 918 Sic
886 861 970 918 ante
990 848 1195 920 Nestorium

193 952 356 1025 videmus
372 955 616 1042 Artemonem,
635 953 784 1025 Paulum
797 955 1095 1040 Samosatensem,
1110 956 1195 1026 Dio-

194 1061 325 1134 dorum
363 1067 594 1149 Tarsensem,
630 1059 860 1132 Theodorum
902 1063 1195 1158 Mopsuestenum

194 1169 357 1241 eamdem
396 1168 469 1241 fere
502 1168 704 1240 doctrinam
738 1168 865 1240 eadem
901 1184 1196 1266 argumentorum

195 1277 334 1348 ratione
353 1292 506 1348 tuentes.
529 1275 702 1348 Eusebius
726 1281 957 1348 Artemonem
985 1290 1020 1348 et
1046 1277 1195 1350 Paulum

194 1386 478 1458 Samosatensem
493 1384 665 1456 acerrime
682 1383 913 1480 reprehendit
938 1384 1039 1482 quod
1059 1386 1197 1458 Aristo-

195 1491 302 1564 telem
329 1509 365 1564 et
388 1491 673 1589 Theophrastum
697 1493 848 1564 nimium
875 1494 1114 1591 suspicerent,
1138 1508 1194 1585 et,

195 1602 460 1699 Scripturarum
481 1599 706 1700 simphcitate
723 1601 936 1699 postposita,
954 1626 1020 1698 per
1036 1600 1197 1698 syllogis-

195 1733 275 1780 mos
293 1708 415 1780 lucum
438 1707 554 1780 facere
581 1707 806 1780 auditoribus
830 1706 1005 1782 mallent&
1031 1708 1204 1782 Theodo:

196 1841 256 1887 rus
272 1820 557 1914 Mopsuestenus‚
574 1817 662 1889 teste
678 1819 910 1906 Sozomeno¹,
926 1816 1109 1888 doctrinas
1120 1817 1199 1915 phi-

195 1921 432 2022 losophorum
451 1924 613 2022 apprime
635 1922 798 1996 callebat.
826 1923 1073 1997 Theodoretus
1090 1927 1196 2022 Cyri,
1275 1976 1279 1984 ·

196 2031 259 2127 qui
282 2031 476 2104 Antiochiae
506 2032 660 2103 Nestorii
689 2031 957 2131 condiscipulus
987 2032 1124 2124 fuerat,
1153 2034 1201 2106 ad

196 2139 331 2211 calcem
357 2139 489 2234 dialogi
519 2140 577 2210 cui
606 2138 730 2209 titulus
758 2137 957 2234 ’Epavrcrrl;,
984 2143 1201 2213 lncarnatio-

196 2270 281 2318 nem
306 2245 437 2317 Christi
469 2271 533 2344 per
554 2243 777 2342 syllogismos
802 2244 1073 2319 demonstravit.
1099 2247 1199 2321 ldem
1222 2261 1237 2286 ²

196 2351 442 2424 Theodoretus
469 2352 692 2425 dialecticam
718 2352 884 2425 laudibus
909 2353 1031 2426 multis
1059 2353 1162 2427 effert
1175 2360 1197 2426 ³.

195 2463 283 2531 Tota
307 2459 383 2532 haec
400 2459 523 2533 schola
540 2461 813 2558 theologorum,
841 2476 879 2533 ut
898 2461 1018 2551 vides,
1043 2486 1124 2558 syra
1147 2479 1200 2536 est

197 2583 233 2640 et
252 2567 350 2656 cilix3
371 2568 496 2640 eadem
518 2584 553 2640 et
570 2571 817 2668 peripatetica,
842 2586 948 2667 atque
965 2570 1048 2643 ideo
1066 2571 1201 2670 longis·

197 2675 286 2746 sime
314 2674 454 2747 diversa
479 2676 525 2747 ab
548 2677 672 2750 indole
692 2683 837 2748 Petrum
854 2679 1113 2777 Cappadociae,
1139 2680 1203 2777 qui

197 2782 265 2854 alia
280 2805 428 2880 prorsus
446 2783 677 2883 philosophia
693 2783 900 2856 utebantur.

246 2895 360 2962 Nemo
377 2915 463 2987 ergo
480 2891 668 2963 mirabitur
682 2907 719 2964 et
740 2892 1003 2964 nestorianismi
1027 2909 1062 2965 et
1078 2895 1203 2966 aristo·

199 2997 326 3069 telismi
356 2997 525 3069 eumdem
547 2997 654 3070 fuisse
678 2998 907 3070 conditorem
933 3000 1031 3098 apud
1055 3001 1204 3074 Edesse-

198 3130 279 3194 nos,
299 3129 430 3206 nempe
447 3106 548 3177 Ibam
562 3105 665 3177 illum
688 3106 963 3178 celeberrimum
991 3107 1028 3177 in
1056 3123 1202 3180 contro-

198 3212 321 3284 versiis
338 3211 456 3282 saeculi
473 3216 526 3282 ν’.
545 3215 598 3283 De
619 3236 693 3309 quo
713 3212 789 3284 haec
813 3212 920 3284 refert
943 3211 1141 3309 Ebedjesu,
1165 3215 1203 3285 in

238 3428 248 3462 ¹
267 3431 342 3486 Hist.
358 3431 469 3498 eccles,
484 3427 537 3486 lib.
550 3433 585 3498 V,
597 3416 663 3508 cap.
677 3449 784 3501 xxvrn,
797 3447 876 3508 sqq.;
885 3429 938 3489 lib.
949 3431 1015 3504 VII,
1028 3451 1091 3510 cap.
1107 3452 1201 3508 xxvn,

199 3537 261 3595 sqq.
278 3517 359 3592 (edit.
376 3518 567 3598 Heinichen).

238 3618 250 3652 '
268 3617 332 3681 Lib.
349 3621 432 3690 VIII,
446 3638 510 3696 cap.
527 3639 550 3674 11
563 3623 603 3698 (p.
621 3621 692 3691 326,
708 3617 777 3676 edit.
793 3622 830 3676 H.
848 3618 978 3694 valesii).

238 3719 249 3756 ⁸
261 3720 347 3797 Apud
361 3719 539 3790 Launoium,
554 3718 575 3777 l.
593 3741 620 3778 c.

239 3820 250 3854 l
269 3819 338 3878 Viro
351 3819 388 3878 cl.
405 3821 551 3899 Stephano
564 3822 753 3894 Quatremere
766 3821 898 3881 assentiri
911 3840 970 3880 non
985 3841 1117 3902 possum,
1135 3822 1205 3880 dum

196 3910 279 3975 Ibam
300 3908 377 3968 idem
399 3923 481 3989 putat
503 3931 606 3970 sonare
627 3925 714 3990 atque
737 3912 819 3971 Abba
841 3916 979 3985 (Journal
1000 3915 1051 3970 des
1069 3917 1204 3994 Savants,

201 4003 297 4073 1850,
315 4022 343 4080 p.
360 4001 446 4080 365).
471 4001 611 4062 scribitur
632 4003 709 4062 enirn
729 4003 839 4080 syriace
859 4003 966 4078 lehibo,
989 4001 1067 4080 quod
1092 4022 1128 4060 ex
1149 4001 1206 4060 alia

200 4090 296 4149 radice
311 4089 471 4152 derivatur.
