3098 5126
752 477 946 543 ..52-

349 622 421 694 nali
449 622 665 692 Nestorianis
690 622 803 718 iisqne
827 621 941 692 doctis
963 621 1162 707 scatebant,
1192 621 1352 718 aulaeque

347 754 472 824 regum
489 728 638 802 medicis
654 729 756 824 syris,
776 730 838 825 qui
857 729 1019 827 plerique
1036 754 1056 801 e
1073 728 1198 802 schola
1214 728 1349 800 Gandi-

346 837 529 934 saporensi
542 834 755 934 prodibant,
764 851 877 908 erant
890 841 1051 908 ornatae¹.
1072 836 1203 908 Scribae
1219 859 1351 908 munus

346 945 454 1016 etiam
474 942 674 1015 christianis
690 945 792 1040 quasi
808 944 989 1043 peculium
1011 944 1089 1033 luit,
1113 969 1231 1042 neque
1243 943 1353 1013 omit-

346 1051 496 1123 tendum
514 1075 665 1122 munera
686 1050 761 1124 fere
783 1067 911 1123 cuncta
930 1076 1009 1149 quac
1026 1051 1073 1123 ad
1098 1052 1262 1123 aerarinm
1282 1075 1354 1147 pu-

346 1157 527 1254 blicasque
552 1158 708 1228 rationes
732 1157 959 1254 pertinebant
987 1160 1055 1231 tria
1077 1183 1143 1255 per
1171 1157 1298 1229 saecula
1318 1170 1353 1227 et

267 1261 272 1282 ⁶
346 1263 499 1361 amplius
514 1278 597 1360 post
612 1263 772 1360 hegiram
789 1263 885 1363 apud
905 1265 1097 1336 Moslemos
1116 1291 1137 1336 a
1154 1264 1354 1336 christianis

346 1372 503 1444 exerceri
525 1370 628 1442 solita
654 1372 772 1442 fuisse.
804 1372 893 1443 lnde
924 1373 1179 1443 llloslemorum
1203 1370 1355 1468 querelae

347 1494 527 1578 perpetuae
546 1505 553 1546 :
575 1479 708 1549 etenim
726 1477 909 1550 christiani
930 1477 1054 1550 scribae
1071 1503 1184 1575 quum
1196 1502 1234 1549 se
1248 1476 1354 1548 rebus

348 1581 637 1657 administrandis
649 1583 867 1656 necessarios
885 1585 1072 1675 sentirent,
1087 1584 1273 1682 privilegio
1288 1608 1353 1655 suo

349 1691 541 1763 utebantur
565 1705 604 1761 ut
627 1691 784 1762 dominis
808 1693 881 1764 suis
903 1691 1034 1789 quibus
1052 1707 1220 1791 poterant
1239 1690 1355 1762 modis

348 1799 548 1870 molestiam
562 1798 853 1870 intenenrqtam
868 1800 1097 1896 Omcyyadae,
1114 1801 1177 1896 qui
1189 1800 1356 1869 Damasci

348 1905 470 1977 sedent
486 1904 686 2000 elegerunt,
704 1907 812 2000 Syros
826 1907 958 1977 imitari
971 1920 1169 2004 coeperunt.
1186 1905 1257 1976 Sed
1271 1906 1355 2002 quia

346 2013 423 2084 haec
440 2012 650 2084 chalilarum
673 2013 805 2084 domus
829 2013 949 2086 adhuc
972 2015 1155 2111 ingenium
1177 2028 1212 2085 et
1236 2037 1356 2084 mores

350 2119 504 2190 Arabum
531 2118 725 2204 retinebat,
753 2120 878 2191 litterae
905 2146 1025 2218 graecae
1059 2121 1127 2193 sub
1154 2144 1197 2192 ea
1228 2143 1354 2218 parum

349 2225 523 2324 proficere
540 2241 720 2325 poterant.
742 2228 836 2299 Nihil
853 2229 998 2324 ingenio
1022 2253 1136 2325 graeco
1154 2244 1190 2300 et
1213 2225 1353 2299 arabico

348 2334 572 2421 dissimilius;
598 2334 759 2432 dumque
783 2361 840 2408 res
865 2337 1075 2408 moslemica
1099 2337 1193 2408 inter
1225 2332 1357 2406 Arabas

350 2458 489 2514 versata
510 2458 576 2530 est,
602 2467 712 2538 graeca
729 2445 847 2515 studia
869 2469 1016 2542 prorsus
1043 2443 1141 2542 apud
1166 2442 1359 2513 Moslemos

347 2551 550 2644 jacuerunt.
575 2553 617 2620 At
637 2549 699 2621 ubi
720 2553 913 2651 provinciae
932 2553 1054 2639 victae,
1074 2564 1114 2620 ut
1141 2547 1218 2620 fieri
1247 2546 1356 2634 solet,

353 2657 525 2728 victorem
542 2657 644 2754 qnasi
660 2657 812 2731 obruere
832 2673 1041 2758 coepernnt,
1066 2682 1107 2729 ac
1126 2655 1240 2727 Persis
1256 2667 1361 2751 capta

355 2763 519 2837 Arabiam
529 2765 638 2861 cepit,
651 2765 758 2862 longe
775 2767 876 2839 aliter
886 2793 943 2838 res
953 2789 1104 2838 cessere.
1121 2763 1250 2835 Mirum
1262 2762 1359 2832 enim

354 2886 531 2966 quantum
544 2875 660 2942 Persae
673 2872 719 2943 ab
732 2874 877 2969 ingenio
895 2873 1110 2944 Semitarum
1127 2869 1357 2940 abhorreant.

353 2977 431 3046 Tria
451 2993 534 3047 sunt
551 2975 681 3072 quibus
705 2992 827 3046 carent
844 2978 987 3074 penitus
1003 2975 1129 3073 populi
1142 2973 1205 3070 qui
1221 2974 1361 3045 Semitae

355 3081 535 3170 dicuntur,
552 3106 683 3180 nempe
698 3083 933 3180 mythologie,
946 3083 1090 3184 epicum
1107 3105 1267 3170 carmen,
1283 3080 1361 3180 plri-

340 3192 530 3291 'losophia
545 3193 657 3263 Persis
669 3193 833 3290 quamvis
844 3193 996 3282 devicta,
1011 3206 1118 3289 atque
1135 3205 1259 3264 c'oacta
1275 3192 1362 3262 reci·

355 3325 442 3397 pere
472 3297 684 3395 religionem
717 3316 753 3371 et
779 3299 938 3398 linguam
967 3297 1145 3387 Arabum,
1174 3321 1361 3395 nunquam

396 3511 465 3572 *Οἱ
491 3512 610 3571 Caussin
633 3512 670 3572 de
685 3516 834 3588 Pcrceval,
854 3519 941 3572 Essai
957 3535 1007 3572 sur
1026 3515 1163 3572 l’lu'sroire
1179 3516 1229 3570 des
1254 3510 1363 3568 Arabes

355 3615 441 3660 avant
453 3604 640 3676 l’r'slamisme,
654 3617 676 3661 t.
698 3608 738 3676 11,
754 3626 784 3683 p.
802 3609 872 3678 ltt,
888 3607 958 3666 ⁴87.
970 3639 1011 3649 -
1023 3603 1176 3684 Sprengel‚
1192 3604 1267 3660 Hr'st.
1283 3603 1320 3658 de
1333 3604 1364 3658 Ia

354 3695 510 3762 medecina,
529 3703 549 3748 t.
564 3697 604 3765 11,
619 3713 646 3772 p.
666 3696 736 3752 282.
753 3729 794 3740 -
805 3699 938 3767 Hecren,
960 3696 1122 3755 Gesclriclrte
1136 3695 1189 3748 der
1203 3695 1286 3750 class.
1302 3692 1364 3748 Lir-

353 3794 462 3838 tcratur
474 3783 512 3838 im
527 3786 710 3855 Mittelalter,
725 3783 776 3842 lib.
794 3789 820 3857 I,
841 3788 907 3858 §70
920 3799 949 3845 et
963 3789 1012 3844 ll.

393 3889 405 3924 ¹
423 3893 457 3950 V.
474 3888 505 3950 iu
525 3893 650 3949 Journal
666 3895 809 3969 artarrpue
830 3894 1001 3966 (non-dec.
1028 3896 1129 3968 tant),
1159 3889 1285 3968 plurima
1309 3886 1363 3945 do·

354 3992 487 4039 cumentn
507 3979 544 4038 do
557 3981 722 4041 conditione
741 3982 964 4044 christianorum
986 3985 1063 4044 inter
1085 3981 1241 4040 llloslemos
1259 3976 1305 4036 his
1327 3974 1364 4034 de

354 4067 459 4144 quibus
471 4087 549 4127 nunc
563 4069 712 4148 loquimur
722 4073 912 4151 temporibus.
