3098 5126
613 473 808 542 ..23-

206 636 434 720 receperunt.
467 627 546 719 Ipsa
564 620 711 719 quidem
735 643 862 692 eorum
884 621 1051 693 doctrina
1076 619 1213 692 theolo-
1278 678 1286 693 .

212 730 290 827 gira
308 753 331 803 ο
347 731 614 830 peripatetismo
638 729 802 828 proxime
831 728 1076 818 derivabatur3
1103 754 1213 826 quam

212 854 318 910 νοοοῑ
340 843 496 910 ioannes
514 843 758 909 Damascenus
781 836 1072 924 «daemoniorum
1094 838 1217 908 inven-

213 959 292 1016 turn
307 945 556 1037 tenebrosum,
577 961 612 1016 et
638 969 836 1042 graecorum
864 946 1125 1046 praestigiorum
1151 943 1216 1042 fig-

177 1108 185 1129 .
213 1068 377 1126 mentum
392 1059 414 1142 ¹,
432 1083 450 1118 ο
470 1052 668 1150 additque:
691 1054 812 1141 «Quis
840 1067 1045 1124 sanctorum
1073 1055 1216 1124 Petrum
1325 1104 1329 1113 .

212 1161 290 1232 haec
305 1161 394 1233 dixit
420 1181 603 1257 unquam,
633 1161 701 1232 nisi
726 1161 818 1233 forte
843 1179 1009 1238 sanctum
1036 1159 1136 1257 apud
1161 1183 1218 1230 vor
1310 1184 1315 1197 ·

213 1267 444 1341 Ardrtotelem
459 1270 565 1342 nohis
582 1270 797 1362 obtrudatis,
818 1253 857 1342 u't
874 1261 1019 1341 iertium
1036 1269 1217 1340 decimum

213 1379 435 1476 apostolum,
455 1392 491 1450 et
513 1377 723 1449 doctoribus
746 1377 896 1450 nurnine
921 1377 1047 1448 afflatis
1067 1375 1218 1448 idolola-
1287 1446 1296 1464 ‚

214 1499 305 1556 tram
321 1486 566 1585 praeieratis¹.u
586 1488 737 1557 Severus
754 1485 997 1558 Antiochenus
1013 1540 1021 1572 ‚
1037 1483 1144 1580 hujus
1161 1509 1221 1554 er-

213 1595 305 1666 roris
322 1594 421 1694 apud
435 1596 543 1690 Syros
559 1592 740 1681 conditor,
756 1593 949 1664 acerrimus
966 1591 1220 1691 peripateticus

214 1715 303 1790 erat,
322 1701 460 1799 dequo
477 1704 512 1771 S.
536 1693 730 1798 Gregorius
745 1701 989 1772 Nazianzenus
1009 1725 1017 1768 ε
1036 1727 1053 1764 ο
1072 1703 1105 1769 is
1124 1697 1221 1798 apud

214 1811 385 1881 Severum
421 1811 580 1907 optimus
612 1808 817 1905 agnoscitur
848 1806 1056 1903 theologus,
1089 1805 1153 1902 qui
1184 1806 1221 1876 in

214 1919 500 1992 Praedicamentis
529 1918 721 1991 Aristotelis
750 1933 786 1992 et
809 1920 846 1990 in
874 1917 1007 1990 caeteris
1028 1939 1108 2013 quae
1125 1915 1222 2014 apud

215 2025 453 2124 philosophos
479 2041 564 2098 sunt
589 2027 780 2123 praeclnra,
806 2026 915 2097 fuerit
943 2024 1182 2096 exercitatur.
1203 2051 1221 2089 u

214 2135 305 2220 Quis
320 2136 434 2206 nescit
451 2139 627 2205 ioannem
642 2133 888 2231 Philoponum
899 2133 1003 2203 simui
1021 2131 1224 2228 monophy-

215 2241 341 2329 sitam‚
362 2241 438 2311 imo
456 2239 688 2330 tritheistam,
706 2253 814 2338 atque
831 2239 1027 2310 Aristotelis
1040 2261 1225 2310 commen-

217 2360 369 2418 tatorem
386 2345 520 2419 fuisse?
538 2351 617 2418 Jarn
638 2347 910 2419 Tritheistarum
928 2361 1050 2444 pater,
1070 2351 1225 2416 Joannes

217 2453 482 2550 dscusnaghes,
501 2440 578 2552 ipse
592 2455 700 2550 Syrus
720 2467 817 2546 erat,
840 2467 946 2549 atque
963 2454 1000 2523 in
1023 2449 1145 2523 schola
1162 2455 1226 2523 Re·

216 2558 373 2630 sainensi
398 2559 511 2632 fuerat
536 2560 738 2633 educatus⁴.
769 2562 908 2634 Scholae
941 2575 976 2632 et
1009 2559 1226 2631 monasteria

213 2666 476 2760 daoobitarum,
506 2669 544 2739 in
564 2669 711 2742 urbihus
728 2661 907 2768 precipue
923 2668 1070 2740 Resaina
1091 2681 1127 2738 et
1143 2667 1226 2737 Kin-

216 2775 355 2862 nesrin,
375 2775 597 2847 aristotelicae
610 2792 729 2866 erant;
749 2791 856 2874 atque
877 2776 922 2848 ab
943 2777 1044 2848 initio
1059 2774 1176 2848 saeculi
1190 2797 1226 2844 v1

217 2879 388 2981 deinceps
423 2907 498 2954 non
529 2883 684 2957 deerunt
714 2885 751 2957 in
781 2885 850 2956 hae
885 2898 980 2956 secta
1020 2883 1081 2981 qui
1115 2889 1229 2982 Orgo-

218 3015 294 3060 non
320 2993 588 3064 commentariis
619 3006 726 3089 atque
755 2991 1042 3065 enarrationibus
1075 2991 1227 3064 illustra·
1298 2989 1301 2994 “

217 3097 324 3170 bunt.

269 3219 401 3288 Auctor
419 3218 620 3316 praeeipuus
636 3217 769 3289 horum
789 3219 992 3290 studiorum
1005 3218 1069 3290 fnit
1086 3219 1228 3314 Sergius

258 3420 267 3454 ¹
289 3417 430 3496 Δαιμόνιον
445 3419 551 3499 οὕρημα
564 3422 711 3497 σκοτεινὸν,
724 3421 769 3480 καὶ
781 3425 829 3494 τῆς
844 3423 986 3494 ἑλληνικῆς
999 3423 1135 3502 τερθρείας
1150 3425 1230 3501 τερά-

217 3531 313 3590 τευμα.
335 3514 439 3570 canem
451 3511 607 3572 locabitur.
623 3515 714 3592 0pp.‚
729 3525 751 3570 t.
765 3515 790 3584 t,
804 3533 834 3590 p.
852 3515 910 3572 399
922 3513 1003 3586 (edit.
1019 3513 1171 3590 inquient

257 3613 268 3646 ¹
288 3611 339 3678 Τίς
354 3618 434 3673 τοῦτο
450 3616 504 3674 τῶν
519 3613 650 3695 θεοφόρων
668 3614 759 3697 εἴρηκε
775 3614 901 3686 πώποτε;
927 3618 950 3674 εἰ
971 3617 1010 3694 μή
1029 3637 1079 3674 που
1098 3615 1143 3673 τὀν
1164 3627 1228 3693 παρ’

218 3705 281 3778 ὑμῖν
305 3702 378 3781 ἅγιον
399 3701 584 3784 Ἀριστοτελην
604 3709 682 3781 ἡμῖν,
701 3708 737 3772 ὡς
751 3705 970 3782 τρισκαιδέκατον
989 3704 1156 3778 ἀπόστολον,
1172 3707 1229 3764 εἰτ-

218 3789 354 3868 erepte,
365 3793 412 3851 tud
422 3795 474 3852 τῶν
489 3792 670 3853 θεοπνεύστων
680 3795 726 3856 τὸν
744 3791 939 3872 εἰδωλολάτρην
954 3795 1133 3876 προκρίνοντε.
1153 3794 1228 3853 Ibid.

258 3889 269 3924 ⁸
290 3892 376 3971 Apud
388 3893 564 3967 Launoium,
575 3899 621 3952 De
632 3899 712 3953 vario
722 3904 812 3953 Arist.
820 3892 910 3968 sort„
920 3915 985 3976 cap.
996 3893 1125 3959 11.,Aiios
1132 3899 1232 3954 Patres

221 3979 323 4039 eadem
337 3983 397 4041 sere
411 3982 448 4041 de
460 3987 571 4044 Severo
583 3985 772 4063 praedicantes
786 3984 885 4044 laudat
898 3985 938 4044 ibi
952 3987 1108 4046 Launoius.

260 4080 271 4114 ⁸
293 4081 337 4144 Cf.
354 4086 466 4146 Assem.
484 4084 560 4142 Bibl.
578 4092 692 4156 ortena,
708 4099 729 4144 t.
747 4087 786 4158 u,
801 4107 830 4165 p.
849 4089 919 4156 327,
933 4107 996 4164 sqq.
