3098 5126
603 500 799 570 ..35-

201 645 420 718 transtulisse
430 642 714 742 quoquolibrum
727 648 1050 742 Interpretationrlr,
1064 647 1202 742 Analy·

203 755 270 824 tica
288 769 324 824 et
342 757 461 826 Vitam
474 752 620 824 brevem
635 753 827 824 Aristotelis
840 779 921 849 quae
936 755 1066 826 eodem
1080 755 1204 826 codice

202 860 373 932 Vaticano
388 861 634 957 reperiuntur;
649 859 713 930 sed
725 859 860 956 absque
871 862 1024 950 ratione,
1044 861 1205 958 quando-

202 968 350 1064 quidem
366 993 499 1040 nomen
514 967 723 1039 Jacobinon
737 965 866 1064 legitur
878 970 945 1038 nisi
959 984 1040 1066 post
1061 971 1206 1068 Catego-

202 1071 1206 1175 rias,utipseAssemanusmeliusviditincatalogoqnem
1265 1088 1270 1104 ’

122 1196 127 1205 “
201 1185 357 1256 confecit
381 1183 552 1255 codicum
567 1183 820 1255 vaticanorum
838 1188 859 1254 ¹.
892 1189 1082 1276 Praeterea,
1108 1185 1205 1256 idem

204 1297 416 1363 Assemanus
453 1292 571 1389 primo
607 1291 843 1363 contenderat
873 1291 1046 1365 Jacobum
1081 1307 1204 1366 aucto-

203 1426 280 1472 rem
296 1401 403 1474 fuisse
416 1399 666 1474 commentarii
682 1400 719 1469 in
739 1405 924 1499 Isagogen,
943 1401 1058 1498 quiin
1078 1402 1207 1473 eodem

202 1507 328 1590 codice
344 1508 532 1606 reperitur.
557 1511 599 1578 At
616 1509 693 1605 pari
712 1508 823 1580 modo
845 1533 922 1580 sese
939 1509 1143 1582 emendavit
1169 1512 1207 1582 in

203 1615 379 1712 catalogo,
399 1615 461 1687 ubi
475 1614 595 1688 scribit
609 1615 709 1687 hunc
727 1619 1027 1690 commentarium
1040 1642 1116 1688 esse
1131 1622 1209 1690 Am·

203 1725 317 1798 monii
328 1724 385 1796 vel
396 1723 598 1824 Philoponi.
611 1727 790 1822 Denique,
804 1741 930 1796 nostro
940 1724 1075 1797 Jacobo
1085 1724 1208 1796 tribuit

203 1831 454 1917 Wenrichius²
467 1832 670 1904 versionem
690 1836 845 1902 Summae
854 1833 1091 1932 philosophiae
1109 1834 1208 1930 peri·

198 1943 366 2041 pptetr'cae
390 1939 540 2028 Nicolai,
562 1941 664 2038 quod
680 1965 754 2038 quo
778 1941 925 2040 quidem
947 1956 1092 2014 auctore
1114 1940 1209 2012 dicat

202 2072 320 2144 neque
337 2049 416 2147 ipse
434 2050 560 2146 aperit,
580 2073 698 2145 neque
716 2073 782 2144 ego
800 2050 935 2120 inveni.

252 2164 434 2238 Habemus
450 2165 556 2260 igitur
578 2165 675 2262 apud
692 2166 800 2260 Syros
815 2164 995 2236 Jacobitas
1015 2164 1150 2236 saeculis
1172 2191 1208 2236 vr

204 2288 239 2343 et
252 2297 315 2358 vu,
333 2271 462 2345 seriem
481 2272 642 2352 virorum
661 2295 816 2367 quorum
828 2275 961 2368 scripta
977 2272 1208 2368 peripatetica

205 2378 446 2476 possidemus,
462 2377 627 2472 Sergium
645 2379 910 2468 Resainensem‚
932 2381 1103 2449 Severum
1121 2379 1207 2449 Kin-

206 2487 466 2572 uesrinensem‚
494 2485 724 2558 Athanasium
741 2485 991 2576 Baladensem,
1015 2487 1208 2582 Georp'um
1251 2509 1253 2512 ·

205 2593 418 2692 episcopum
445 2593 597 2684 Arabiae,
627 2594 804 2668 Jacobum
821 2594 1055 2668 Edessenum.
1085 2595 1208 2667 Studia

205 2725 292 2771 vero
314 2699 422 2795 hujus
439 2716 542 2774 sectae
569 2703 758 2782 imminuta
785 2726 827 2774 ac
853 2704 926 2774 sere
946 2701 1078 2774 abolita
1101 2703 1208 2774 luisse

205 2807 386 2880 Moslemis
403 2833 525 2883 rerum
546 2810 765 2908 potientibus
782 2812 873 2882 inde
896 2811 1086 2908 colligitur,
1108 2813 1208 2908 quod

205 2915 371 3018 asaeculo
392 2921 531 3013 vrrrvix
550 2917 663 2994 ullum
683 2917 882 2990 Jacobitam
905 2921 1125 3016 reperiamus
1146 2921 1209 3018 qui

207 3021 384 3103 Aristoteli
408 3023 579 3123 deinceps
606 3050 730 3096 curam
757 3015 955 3124 impendat.
986 3027 1208 3098 Reviviscent
1250 3041 1252 3046 ’

206 3131 695 3234 quidemhaecstudiasaeculo
704 3133 1115 3232 x111,sedipsisArabibus
1123 3151 1208 3208 tunc

206 3237 321 3311 facem
331 3239 525 3311 serentibus
535 3240 713 3343 studiique
724 3245 900 3314 rationem
909 3242 1204 3314 monstrantibus.

208 3351 311 3418 Anno
325 3362 445 3419 tamen
467 3350 552 3438 830,
574 3349 692 3420 adhuc
713 3350 854 3447 reperio
874 3351 1068 3422 Antonium
1086 3349 1207 3422 rheto-

207 3480 297 3545 rem,
313 3455 793 3556 monaphanagritensem,
811 3457 873 3554 qni
890 3459 1099 3556 conscripsit
1113 3459 1209 3531 Rhe-

209 3565 356 3635 toricam
372 3563 576 3660 Philoponi.
593 3565 675 3636 Haec
689 3564 946 3654 Barhebraeus³,
964 3567 1026 3664 qui
1042 3566 1112 3637 alio
1126 3566 1209 3638 loco

208 3671 339 3743 librum
358 3671 501 3743 Antonii
519 3688 684 3768 numerat
708 3674 800 3744 inter
821 3674 961 3769 eosqui
979 3673 1208 3746 alumnorum

249 3883 258 3917 ¹
277 3887 310 3942 T.
327 3886 388 3956 111,
403 3904 432 3961 p.
450 3885 596 3942 306-307.
669 3921 674 3926 -

249 3993 260 4026 ’
279 3997 324 4050 De
337 4007 413 4050 auct.
427 4013 504 4069 grac.
520 4014 604 4064 vers,
618 4013 649 4070 p.
667 3997 726 4054 'iet
740 3996 788 4050 ll.

249 4101 260 4136 ⁸
280 4101 366 4179 Apud
381 4108 504 4172 Assem,
516 4117 537 4164 t.
554 4108 598 4175 11,
613 4123 642 4180 p.
660 4106 777 4162 ata-ts
