3098 5126
749 455 946 522 -et-
1032 511 1034 518 .

349 602 518 698 ligionem
537 606 726 673 Persarum
748 626 812 672 seu
836 603 1048 697 magismum
1064 601 1261 674 deamaret.
1283 603 1353 672 Re—

272 707 274 711 ’
349 733 447 792 vcra,
475 707 732 780 aBarmekidis
762 707 933 781 educatus
958 710 1021 806 qui
1051 713 1172 780 velera
1199 707 1353 782 Persidis

347 813 756 914 institutasectabantur‚
770 814 959 912 religiones
973 815 1184 912 mqualanoc
1192 815 1352 912 pendere

347 921 548 1010 videbatur„
564 923 638 992 imo
654 946 730 994 nou
746 922 897 1020 paulum
909 922 1081 994 inclinare
1099 921 1146 994 ad
1164 927 1351 994 Persarum

346 1029 483 1100 cultum
500 1029 712 1118 naturalem,
728 1030 785 1101 vel
799 1029 924 1102 saltem
939 1031 986 1102 ad
999 1029 1283 1102 rationalismum
1297 1029 1354 1125 (ut

346 1161 444 1210 nuuc
461 1135 628 1230 diuimus)
645 1136 940 1227 Motazelltarum.
1248 1201 1250 1204 ,

395 1243 436 1314 ld
455 1267 540 1340 ergo
559 1266 788 1340 summopere
807 1242 1354 1342 animadvertendum‚philoso·

345 1349 468 1447 phium
485 1369 565 1447 quae
580 1347 723 1420 arabica
752 1349 883 1424 dicitur
904 1349 1039 1424 arabici
1062 1349 1153 1422 nihil
1173 1351 1211 1421 in
1230 1373 1268 1420 sc
1290 1348 1353 1422 ha-

345 1455 444 1530 bere.
475 1457 588 1528 Greci
607 1470 693 1530 sunt
713 1480 840 1528 omnes
863 1457 995 1554 quibus
1021 1458 1133 1530 utitur
1163 1469 1349 1544 auctores,

347 1567 460 1636 Perse
470 1578 554 1636 suut
567 1564 630 1660 qui
638 1561 714 1634 haeo
726 1563 845 1640 studia
855 1563 993 1658 fovent,
1005 1564 1085 1660 Syri
1098 1581 1226 1638 ornnes
1236 1565 1353 1638 inter-

345 1661 483 1771 prutes3
500 1673 607 1768 magi,
620 1671 931 1755 saboei‚chriatiani
943 1693 1072 1746 omncs
1085 1673 1149 1769 qui
1160 1670 1216 1742 his
1226 1671 1352 1746 studiis

344 1781 499 1876 primam
515 1799 663 1876 operam
675 1777 903 1874 impendunt.
920 1783 1013 1854 lr‘am
1030 1803 1106 1853 uon
1118 1777 1353 1854 continebant

344 1879 519 1976 Moslemi,
539 1911 654 1984 quum
673 1886 835 1960 viderent
856 1887 952 1960 viros
968 1902 1108 1960 exteros
1131 1900 1167 1960 et
1188 1884 1352 1962 infideles

345 1994 406 2066 tali
429 1993 527 2092 apud
550 1993 714 2066 chalifam
742 1993 864 2066 favore
890 1997 1106 2090 gaudentes,
1129 1995 1351 2091 summisque

345 2104 452 2178 rebus
475 2104 641 2201 gerendis
663 2103 857 2176 adhibitos.
884 2107 1025 2176 Etenim
1045 2103 1250 2192 Abbasidoe,
1274 2129 1349 2200 quo

345 2229 381 2284 et
410 2211 636 2309 Omeyyadas
661 2227 697 2284 et
722 2235 849 2284 eorum
873 2211 1031 2285 fautores
1058 2213 1198 2285 cautius
1225 2209 1349 2284 obser—

345 2335 490 2404 varent,
524 2345 616 2418 saepe
647 2319 849 2392 christianis
882 2334 922 2390 ut
954 2317 1239 2418 speculatoribus
1271 2332 1351 2393 ute·

344 2426 493 2516 bantur3
524 2429 622 2501 unde
644 2427 752 2499 fiebat
784 2443 825 2500 ut
850 2428 1025 2522 Moslemiy
1047 2449 1123 2500 non
1152 2451 1234 2498 raro
1263 2449 1351 2499 sea

345 2536 544 2616 christianis
563 2551 708 2608 vexatos
724 2540 989 2632 quererentur¹.
1011 2539 1216 2628 Feruntque
1234 2531 1351 2606 Almu-

345 2665 537 2716 munuma
559 2642 681 2716 multis
694 2643 957 2740 reprehensum
970 2641 1072 2740 quod
1092 2637 1350 2714 acuendorum

344 2750 521 2823 librorum
542 2775 666 2824 curam
692 2750 893 2824 christianis
914 2751 1178 2834 committeret,
1197 2767 1351 2846 respon*

345 2859 438 2932 disse
457 2859 593 2932 nullam
610 2885 687 2932 esse
705 2861 883 2931 rationem
902 2883 967 2932 cur
984 2859 1053 2930 illis
1070 2856 1202 2955 quihus
1218 2871 1351 2954 corpus

344 2991 449 3040 suum
464 2966 645 3050 credebat,
660 2965 772 3036 libros
786 2967 981 3036 vertendos
999 2990 1074 3036 non
1092 2963 1348 3051 committerer,

344 3099 407 3146 eos
423 3072 618 3171 prasertim
636 3073 697 3167 qui
713 3096 781 3144 uec
796 3072 843 3144 atl
862 3072 1093 3144 christianam
1118 3095 1186 3144 nec
1203 3071 1250 3142 ad
1268 3077 1351 3145 iuo-

344 3179 623 3254 hammedauam
642 3179 854 3276 religionem
878 3193 1081 3278 spectarent
1090 3182 1112 3244 ³.
1136 3177 1350 3276 Exemplum

344 3313 455 3388 porro
482 3290 557 3386 ipse
578 3287 756 3386 Propheta
774 3287 939 3376 dederat,
964 3288 1028 3383 qui
1046 3286 1229 3362 medicum
1255 3301 1352 3360 assu·

345 3419 443 3468 mere
460 3395 643 3468 infidelem
660 3395 724 3467 lhu
741 3395 851 3468 Calda
868 3419 943 3468 non
963 3397 1096 3470 verius
1114 3408 1201 3470 erat.
1222 3394 1350 3466 Preci-

345 3529 457 3602 puum
471 3504 508 3575 in
518 3528 559 3575 ca
568 3529 607 3575 re
619 3505 805 3600 negotium
817 3505 882 3575 luit
891 3503 1203 3588 Nestorianorum3
1218 3499 1349 3596 quibus

344 3610 429 3683 solis
445 3635 566 3708 quum*
576 3611 697 3684 liceret
712 3612 898 3684 archiatris
916 3636 993 3683 esse
1008 3609 1248 3696 chalifarum⁸,
1261 3607 1348 3684 autu

339 3793 342 3802 ¹
384 3783 393 3816 ¹
412 3785 534 3840 Journal
545 3792 645 3854 asian,
660 3784 682 3841 l.
698 3805 724 3843 c.
738 3805 768 3862 p.
785 3787 856 3856 tas,
872 3804 934 3861 sqq.

383 3873 394 3906 ¹
413 3876 473 3941 Leo
484 3873 650 3945 Africanus,
664 3879 709 3932 De
726 3876 787 3930 uitis
802 3877 904 3932 illustr.
921 3873 1059 3942 Arabum,
1074 3869 1153 3952 apud
1171 3869 1346 3942 Fubtioium,

345 3975 365 4022 t.
383 3965 516 4040 xtt1,p.
534 3965 603 4022 aut.

383 4056 586 4115 'assemanus
617 4057 736 4138 longum
770 4057 934 4136 catalogum
964 4055 1055 4116 texuit
1081 4073 1183 4118 eorum
1213 4054 1264 4130 qui
1292 4053 1348 4112 hoe
1391 4045 1393 4048 ’
