3098 5126
609 401 804 470 „73-

208 547 295 618 culis
319 572 356 616 rx
372 561 408 617 et
426 572 459 630 x,
484 545 529 617 ad
549 570 662 616 unum
678 548 785 642 Syros
802 557 836 614 et
852 543 1201 633 christianos‘fuisse,

207 679 403 751 eorumque
431 656 611 725 versiones
641 679 661 724 e
693 653 831 749 syriaco
856 650 1067 749 plerumque
1100 651 1205 722 luisse

208 761 335 850 factas3
355 763 413 832 vix
431 787 543 833 unum
557 760 768 833 Moslernum
785 783 895 857 graece
909 759 1068 848 scivisse3

257 872 293 941 8⁰
310 873 337 941 Α
353 868 482 940 saeculo
502 896 544 958 x,
564 868 831 966 philosophiam
857 865 954 964 apud
978 868 1086 961 Syros
1114 890 1206 937 mar·

208 1001 363 1067 cescere,
386 978 618 1075 ipsorumque
640 974 865 1074 disciplinam
882 974 1052 1072 deinceps
1065 998 1108 1045 ex
1125 997 1207 1045 ara-

207 1081 295 1154 bicis
311 1083 469 1157 lontibus
492 1109 569 1156 esse
590 1082 775 1171 haustam,
799 1096 906 1178 atque
937 1081 987 1152 ita
1011 1078 1206 1152 Aristotelis

208 1214 316 1287 opera
335 1193 500 1263 universa
518 1192 554 1261 in
573 1215 700 1261 eorum
717 1214 845 1262 manus
863 1189 1020 1276 venisse3

258 1301 294 1370 9⁰
310 1301 434 1395 Syros,
455 1305 495 1370 ut
517 1312 681 1395 tempore
704 1299 752 1368 ita
773 1311 808 1368 et
822 1295 1032 1376 ¹studiorum
1050 1296 1204 1384 ratione,

207 1405 329 1479 locum
346 1408 505 1479 medium
518 1422 641 1479 tenere
659 1407 751 1478 inter
762 1404 923 1476 scholam
940 1402 1208 1477 alexandrinam

208 1529 242 1586 et
257 1514 522 1613 philosophiam
545 1513 742 1603 arabicam,
763 1515 813 1585 ita
831 1528 870 1584 ut
893 1537 1037 1610 percos
1060 1512 1106 1585 ab
1123 1514 1209 1585 ulti-

208 1624 274 1694 mis
288 1622 525 1721 philosophiae
543 1621 897 1720 graecaevtemporibus
909 1620 955 1692 ad
970 1620 1207 1719 philosophos

207 1730 333 1803 arabas
348 1753 419 1802 una
436 1730 544 1801 series
560 1730 803 1801 continuetur.

255 1838 373 1909 Habes
386 1840 493 1934 Syros
507 1836 804 1934 philosophantes
819 1864 827 1906 :
844 1859 917 1932 qua
930 1837 967 1907 in
979 1860 1018 1906 re
1029 1834 1208 1907 mehercle

209 1969 335 2016 eorum
349 1945 476 2017 merita
494 1959 535 2016 ut
545 1944 625 2043 plus
642 1969 753 2041 quam
770 1944 873 2015 decet
886 1941 1056 2016 extollere
1073 1943 1205 2034 nolim,

208 2053 256 2122 ita
286 2075 413 2123 eorum
440 2053 539 2123 laudi
573 2052 771 2148 quidquam
804 2049 991 2121 detrahere
1019 2050 1209 2147 indignum

209 2158 317 2229 duco.
350 2157 548 2229 Fatendum
579 2173 631 2229 est
670 2183 731 2230 eos
766 2157 910 2253 ingenio
941 2157 1090 2253 proprio
1119 2157 1208 2230 nihil

210 2265 442 2361 excogitasse,
453 2266 526 2336 imo
536 2289 656 2363 graecae
672 2265 853 2364 sapientiae
863 2264 1035 2335 universae
1052 2264 1208 2362 amplec-

210 2371 326 2443 tendae
350 2373 518 2470 impares,
542 2371 714 2468 angulum
736 2396 868 2460 unum,
901 2395 1056 2468 eumque
1079 2372 1148 2444 situ
1174 2389 1210 2445 et

211 2494 355 2576 aspectu
372 2480 607 2576 asperrimum
623 2505 665 2551 ex
683 2479 765 2568 illo,
785 2503 858 2575 quo
875 2479 1048 2576 spatiatur
1058 2479 1206 2572 Graecia,

210 2586 410 2658 vastissimo
438 2610 567 2684 campo
595 2586 838 2683 perlustrasse.
870 2585 999 2681 Logica
1026 2585 1124 2682 apud
1146 2610 1210 2657 eos

211 2715 284 2762 una
298 2708 350 2764 est
367 2708 403 2764 et
419 2707 496 2764 tota
508 2692 757 2790 philosophia,
775 2706 882 2788 atque
903 2717 970 2789 pro
989 2690 1049 2762 illa
1066 2691 1210 2789 amplis-

210 2801 299 2872 sima
308 2800 509 2898 disciplina,
524 2823 596 2896 qua
605 2814 766 2871 veterum
778 2800 921 2897 ingenia
931 2799 1155 2890 colebantur,
1170 2799 1209 2872 hi

211 2908 278 2979 nisi
304 2909 409 2980 tricas
434 2908 720 2997 dialecticorum,
746 2909 936 2978 nominum
961 2906 1206 3000 definitioneS,

211 3017 405 3112 categorias
422 3017 612 3114 inaniaque
632 3016 807 3089 vocabula
825 3030 1023 3088 recantant.
1043 3019 1124 3087 Haec
1140 3016 1210 3088 lata

213 3123 309 3195 fuere
330 3124 530 3195 studiorum
554 3125 804 3221 antiquorum,
829 3149 942 3221 quum
965 3124 1143 3195 devenere
1172 3125 1209 3194 in
1281 3153 1285 3162 ·

213 3254 341 3302 manus
358 3231 550 3303 hominum
566 3234 777 3328 agrestium,
804 3232 867 3328 qui
887 3231 933 3303 ad
955 3232 1126 3328 pinguem
1142 3233 1211 3302 Mi-

214 3363 359 3411 nervam
386 3338 536 3437 pulchra
564 3340 624 3410 illa
647 3340 791 3413 inventa
818 3339 1050 3438 adaptarunt,
1075 3339 1148 3412 lere
1171 3355 1211 3410 ut

214 3471 353 3544 gemma
369 3449 514 3544 antiqua
533 3472 574 3519 ac
593 3447 743 3537 nobilis,
764 3448 822 3518 cui
840 3447 938 3518 Jovis
959 3460 1019 3517 aut
1044 3445 1132 3519 alius
1147 3473 1210 3519 cu·

210 3557 320 3652 jusvis
349 3556 505 3626 numinis
530 3556 647 3652 imago
673 3553 850 3652 insculpta
874 3570 946 3644 est,
973 3554 1211 3627 barbarorum

213 3662 402 3733 hominum
414 3662 534 3759 praeda
546 3662 651 3751 sacta,
668 3661 766 3734 bulla
777 3661 817 3732 fit
828 3662 1032 3750 infantium,
1046 3661 1211 3758 ludisque

215 3769 409 3867 puerilibus
451 3784 653 3867 usurpatur.
696 3769 813 3841 Habet
846 3768 1006 3840 bumana
1048 3769 1211 3841 doctrina

215 3877 308 3948 vices
326 3900 419 3968 suas,
446 3875 595 3972 fierique
613 3876 703 3948 solet
722 3891 762 3946 ut
781 3901 859 3972 quae
876 3898 1100 3946 summorum
1118 3877 1211 3950 viro·

215 4010 294 4055 rum
323 3986 464 4080 ingenio
491 3984 632 4056 suerunt
657 3985 869 4081 excogitata,
899 3983 955 4054 vix
983 3983 1125 4080 capiant
1145 3982 1211 4055 bo·
