3098 5126
617 495 811 560 ...51-

214 642 388 738 armaque
400 639 532 735 (fascic.
548 639 650 736 april.
669 638 794 732 4852),
812 661 879 708 nac
892 636 981 707 mihi
995 635 1211 724 satisfecero,

212 745 334 817 donec
347 746 565 818 Londinium
586 761 766 845 repetens,
787 744 960 846 opuscula
979 743 1055 814 baec
1078 745 1214 839 integra

214 855 447 952 assumpsero,
464 879 508 925 ac
524 855 641 925 doctis
659 855 741 924 viris
762 853 911 948 legenda
928 851 1126 950 praebuero.

660 1174 771 1249 v111.

320 1373 385 1460 Syri
400 1367 530 1446 magistri
545 1362 671 1456 Arabum
679 1362 761 1436 fiunt
775 1369 804 1418 io
819 1361 998 1438 philosophia
1008 1381 1108 1450 greca.
1140 1395 1142 1400 ,

263 1559 367 1626 Nunc
389 1569 531 1652 tempus
552 1566 606 1626 est
629 1566 669 1622 ut
692 1549 740 1621 ad
761 1549 909 1620 alteram
938 1563 1075 1620 aetatem
1101 1547 1218 1648 philo·

213 1663 349 1767 sophiae
375 1665 549 1758 Syrorum
568 1674 803 1750 transeamus,
834 1681 907 1754 qua
933 1653 1113 1728 Moslemis
1131 1683 1219 1757 per-

213 1771 327 1864 mixti,
335 1769 453 1844 studia
467 1794 531 1840 sua
545 1763 925 1868 peripatetioaarabice
937 1779 1215 1864 persequuntur,

212 1879 442 1976 Arabumque
458 1875 618 1977 magistri
631 1874 723 1949 fiunt
735 1875 772 1945 in
791 1873 1021 1976 philosophia
1034 1888 1070 1946 et
1086 1873 1219 1948 doctri·
1278 1970 1281 1977 Α

213 1988 268 2058 nis
277 1991 498 2060 Graecorum.
509 1989 597 2076 Quae
606 1981 755 2086 quidem
769 1998 852 2054 aetas
863 1984 892 2054 si
903 1981 1016 2082 priori
1031 2006 1218 2080 compare-

213 2109 284 2183 tur,
295 2093 403 2192 longe
410 2091 557 2190 majoris
567 2090 743 2160 momenti
753 2102 913 2188 apparet,
923 2103 999 2160 tum
1013 2089 1096 2184 quia
1103 2089 1220 2166 studia

213 2205 387 2298 Syrorum
411 2223 508 2270 nunc
534 2196 648 2270 multo
675 2195 786 2268 latius
803 2195 1058 2286 extenduntur,
1089 2211 1218 2268 totam-

213 2333 284 2408 que
300 2305 570 2408 peripateticam
589 2303 836 2404 disciplinam,
854 2328 930 2378 non
949 2302 1064 2374 solam
1084 2303 1220 2380 dialec-

214 2416 322 2492 ticam
339 2413 630 2514 complectuntur
642 2439 652 2502 ;
663 2427 740 2485 tum
752 2411 836 2508 quia
852 2435 918 2510 per
930 2435 1012 2482 suos
1026 2410 1219 2510 discipulos

215 2521 347 2595 Arabas
362 2521 443 2622 Syri
457 2519 644 2620 hucusque
662 2519 806 2590 obscuri
829 2519 865 2590 in
889 2541 1061 2616 magnum
1082 2521 1220 2615 generis

213 2629 365 2706 humani
393 2627 651 2706 commercium
684 2625 917 2700 inducuntur.
950 2629 1072 2718 Quum
1099 2643 1218 2710 tamen

212 2735 289 2808 haec
305 2751 388 2811 aetas
407 2734 454 2813 ad
471 2733 657 2806 historiam
680 2732 915 2832 philosophiae
935 2731 1085 2811 arabicae
1109 2735 1219 2830 magis

213 2868 324 2942 quam
339 2843 483 2942 syriacae
503 2839 691 2942 pertineat,
715 2865 825 2912 nemo
851 2838 1039 2914 mirabitur
1061 2865 1119 2912 me
1136 2839 1221 2914 bre-

213 2952 350 3028 viorem
369 2974 458 3040 esse,
482 2973 635 3045 eamque
658 2948 777 3019 solum
803 2947 959 3021 materiae
974 2962 1114 3045 partem
1133 2947 1220 3021 deli·

213 3057 300 3133 bare
315 3081 394 3154 quae
412 3059 519 3159 Syros
537 3055 686 3154 propius
709 3070 853 3154 tangere
871 3055 1024 3134 videtur.

264 3165 379 3243 Etiam
395 3179 477 3242 ante
494 3162 785 3256 Mubammedem
801 3163 877 3258 Syri
898 3161 1093 3236 nestoriani
1108 3163 1221 3236 medi-

214 3271 333 3345 cinam
352 3270 450 3377 apud
462 3267 595 3345 Arabas
612 3269 839 3358 exercebant,
859 3284 894 3340 et
910 3270 1123 3349 exercebant
1137 3273 1217 3350 soli.

215 3379 415 3450 Nestoriani
433 3391 534 3450 erant
550 3371 718 3449 monachi
746 3403 838 3473 quos
864 3377 1134 3466 Muhammedes
1155 3406 1219 3453 au·

215 3487 319 3577 divit,
341 3502 377 3564 et
397 3487 566 3584 aquibus
583 3511 659 3560 non
682 3510 796 3584 pauca
822 3483 966 3578 didicit3
990 3490 1219 3564 Nestorianus

215 3611 290 3670 erat
306 3595 439 3672 Hareth
463 3595 529 3670 Ibo
549 3594 660 3670 Calda
679 3593 864 3692 Prophetae
891 3596 1026 3668 amicus
1048 3611 1083 3667 et
1106 3597 1218 3668 medi·

214 3728 279 3777 cus
289 3707 310 3772 ¹.
332 3707 453 3800 Regna
468 3703 560 3774 Hirae
572 3717 608 3774 et
621 3701 796 3773 Ghaesani
813 3701 850 3772 in
870 3701 995 3774 Arabia
1011 3704 1220 3801 septentrio·

255 3909 263 3942 ¹
284 3907 382 3971 tbntr.
401 3915 493 3984 Dym,
510 3929 541 3988 p.
560 3913 599 3969 99
612 3907 693 3982 (edit.
714 3910 870 3982 recocta).
888 3941 929 3956 -
946 3911 989 3968 Cf.
1010 3910 1048 3969 de
1067 3915 1217 3984 flammat,

215 4000 512 4077 tiammgeotiette
541 4003 594 4057 der
617 3997 740 4072 Amber,
760 4003 786 4056 1⁶
809 3998 896 4058 Abth.
922 4011 968 4057 11⁹⁸
992 4001 1088 4075 Band,
1111 4021 1133 4060 s.
1159 4005 1217 4061 ¹92

215 4090 327 4163 (Wieu,
345 4093 445 4164 taor).
