3098 5126
730 481 778 493 -
804 442 850 510 to
887 477 923 494 -ι

329 599 512 674 tractasse,
534 587 607 656 imo
627 585 677 656 illi
697 589 762 656 toti
784 591 929 682 Organo
951 587 1137 658 tractando
1159 587 1324 684 impareS,

328 695 463 790 primas
488 693 634 790 paginas
656 692 761 787 logici
784 694 1013 789 syntagmatis
1031 719 1106 765 non
1124 720 1328 792 supergres-

330 825 402 871 sos.
423 804 581 896 lsagoge,
602 799 1208 898 (1110301110,11601ΠερὶῘΕρμηνείας
1232 802 1328 874 mille

332 907 448 978 modis
472 923 670 990 vertuntur,
692 923 934 1003 exponuntur,
958 924 1211 982 retractantur.
1233 917 1326 981 Ana-

328 1013 436 1108 lytica
450 1016 573 1112 priora
593 1015 706 1085 rarius
723 1015 819 1113 apud
836 1018 943 1112 Syros
966 1033 1173 1106 occurrunt,
1192 1043 1233 1091 ac
1256 1019 1328 1090 fere

329 1145 471 1218 semper
492 1123 529 1192 in
548 1123 728 1220 epitomen
750 1123 905 1194 redacta.
927 1123 1110 1221 Analytica
1131 1129 1330 1224 posteriora

329 1255 392 1302 seu
410 1219 617 1328 Apodictica
643 1229 749 1300 nullis
775 1232 812 1301 in
839 1231 1059 1304 membranis
1079 1236 1258 1306 veteribus
1274 1237 1329 1306 in·
1351 1227 1354 1231 ’

214 1383 223 1406 .
331 1339 435 1427 veni,
454 1339 617 1433 quamvis
634 1338 681 1409 de
693 1339 736 1408 iis
752 1353 916 1412 auctores
933 1338 1011 1435 Syri
1033 1366 1108 1413 non
1128 1367 1210 1414 raro
1229 1367 1330 1424 men-

244 1520 246 1522 .
332 1446 470 1530 tionem
486 1446 629 1516 saciant.
645 1447 777 1542 Topica
791 1460 826 1516 et
842 1445 1034 1543 Sophistici
1048 1447 1196 1520 Elencbi
1208 1450 1331 1548 paucis

329 1554 466 1650 paginis
485 1553 744 1649 comprehendi
761 1554 892 1627 solent.
912 1557 969 1627 Sic
985 1560 1126 1654 Sergius
1142 1560 1330 1630 Resainen·

330 1663 390 1752 sis,
405 1663 468 1758 qui
481 1676 578 1732 tanta
591 1661 797 1733 assiduitate
810 1665 934 1759 primis
947 1666 1083 1761 Organi
1094 1664 1222 1737 libellis
1237 1667 1331 1746 insu-

331 1768 445 1859 davit,
462 1768 508 1840 de
522 1769 726 1866 analyticis,
740 1771 880 1867 Topicis
892 1786 927 1842 et
944 1772 1153 1870 sophisticis
1168 1772 1332 1843 Elenchis

330 1902 478 1976 prorsus
504 1893 609 1949 tacet.
641 1878 700 1947 Sic
722 1880 911 1974 Georgius,
943 1881 1100 1952 Arabum
1126 1882 1328 1978 episcopus,

331 2001 413 2082 post
435 1986 618 2082 Analytica
642 1987 764 2082 priora
785 1987 965 2058 calamum
985 1991 1100 2089 ponit.
1126 1988 1182 2059 Sic
1206 1989 1243 2060 in
1267 2012 1330 2058 co-

332 2092 471 2164 dicibus
501 2094 675 2164 Vaticano
706 2097 794 2182 158,
833 2095 993 2168 Mediceo
1022 2096 1111 2186 196,
1146 2096 1331 2166 Parisiensi

334 2201 418 2292 161,
447 2203 509 2297 qui
536 2201 641 2273 nohis
669 2203 943 2297 quodammodo
979 2207 1150 2301 Organon
1184 2229 1203 2273 a
1237 2202 1331 2297 Syris

332 2311 456 2381 tritum
487 2308 673 2398 exhibent,
709 2314 866 2408 isagoge,
895 2313 1108 2408 Categoriae,
1143 2310 1232 2381 liber
1259 2313 1332 2404 Περὶ

336 2415 512 2515 Ἐρμηνείᾳς
530 2417 870 2516 suseexplicantur3
894 2443 938 2490 ex
959 2419 1151 2516 analyticis
1174 2418 1263 2488 nihil
1280 2419 1334 2495 in-

333 2526 440 2598 venio
459 2541 585 2623 praeter
609 2529 725 2626 capita
749 2541 886 2626 septem
906 2551 985 2631 quae
1012 2527 1177 2623 aperiunt
1200 2524 1333 2595 librum

333 2635 491 2730 priorem
512 2634 780 2731 Analyticorum
800 2636 986 2734 priorum:
1014 2661 1057 2707 ex
1080 2634 1156 2708 aliis
1173 2632 1334 2732 partibus

334 2743 469 2838 Organi
486 2742 640 2814 neullus
661 2745 809 2840 quidem
828 2769 963 2815 versus.
985 2744 1162 2816 Librarios
1184 2758 1220 2814 et
1235 2766 1334 2814 corn·

334 2865 550 2922 mentatnres
576 2852 745 2948 patientia
774 2852 894 2924 medio
920 2854 957 2923 in
989 2878 1097 2949 opere
1124 2849 1330 2936 deficiebat3

333 2959 456 3048 simul,
471 2984 550 3056 quae
561 2975 634 3030 erat
648 2962 808 3056 ipsorum
820 2961 1049 3030 mediocritas
1063 2959 1211 3053 ingenii,
1231 2981 1335 3054 argu·

336 3069 463 3138 mentis
487 3065 703 3139 facilioribus
726 3066 953 3163 applicabant
984 3066 1167 3154 animum,
1196 3065 1334 3136 omissis

333 3175 376 3246 iis
393 3199 473 3272 quae
487 3199 562 3256 non
580 3175 629 3246 ita
645 3173 784 3272 liquido
810 3174 1103 3270 intelligerentur.

383 3288 517 3355 Contra
537 3284 668 3354 mirum
692 3283 788 3355 dictu
810 3297 984 3380 quantum
1002 3283 1074 3378 syri
1097 3281 1265 3352 homines
1296 3283 1333 3352 in

272 3397 276 3400 ’
334 3397 495 3488 lsagoge,
516 3393 721 3487 Categoriis,
734 3391 827 3463 libro
839 3395 913 3488 Περὶ
926 3389 1105 3488 ‘Eppuleiae
1118 3389 1335 3460 illustrandis

335 3502 402 3572 sibi
418 3499 628 3599 placuerint.
648 3504 784 3570 Eorum
796 3499 943 3571 rationis
955 3497 1159 3596 eremplum
1175 3495 1336 3594 praebent

334 3609 448 3680 codex
477 3622 599 3678 noster
627 3609 715 3696 161,
746 3624 782 3678 et
802 3609 910 3703 hujus
928 3606 1034 3704 plane
1053 3606 1205 3693 similes,
1226 3603 1336 3675 Medi·

334 3741 419 3814 ceus
437 3718 508 3788 196
530 3729 565 3786 et
579 3716 774 3788 Vaticanus
795 3717 880 3786 158.
905 3719 1059 3812 Nempe,
1081 3729 1162 3811 post
1179 3711 1335 3810 comple·

335 3839 407 3895 tam
419 3829 589 3917 lsagogen
603 3822 681 3918 (sot.
695 3823 746 3918 7),
755 3839 953 3919 sequuntur
963 3849 1027 3921 per
1040 3837 1122 3893 octo
1138 3820 1211 3892 lere
1220 3819 1335 3920 pagel-
1370 3841 1372 3844 ·

333 3933 384 4002 las
400 3931 539 4025 farrago
556 3954 677 4000 rerum
695 3923 973 4020 dialecticarum,
989 3930 1186 4026 tabulaeque
1205 3953 1358 4026 synop-

334 4041 431 4130 ticae,
463 4037 583 4132 liguris
607 4037 837 4110 ostendentes
865 4055 975 4111 totam
1008 4038 1184 4108 rationem
1214 4035 1334 4131 logicae
