3098 5126
747 460 943 528 ...Μι-

347 604 554 678 hominibus
581 606 804 676 innotuisset.
841 609 974 678 Contra
999 612 1083 676 mox
1117 605 1348 678 ostendemus

346 711 612 810 philosophiam
648 712 846 786 Barhebraei
864 712 1089 810 aliorumque
1107 717 1284 809 Syrorum.
1297 740 1348 786 se·

347 821 654 919 riorisaetatis,qui
665 820 1146 910 Arabumstudiaimitantur‚
1156 825 1347 920 imaginem

346 926 452 999 nobis
468 928 634 1001 exhibere
652 928 861 1025 posterioris
878 928 976 1000 illius
989 928 1208 1002 scholasticae
1224 932 1346 1003 Alber·

346 1035 446 1124 tinae,
470 1036 714 1125 Thomisticae,
745 1039 804 1108 oui
831 1052 926 1109 totus
961 1035 1161 1109 Aristoteles
1184 1037 1348 1121 manibus

348 1143 483 1213 teritur.
511 1144 705 1215 Aristotelis
731 1167 841 1241 opera
867 1159 996 1215 cuncta
1014 1143 1255 1218 Orientalibus
1272 1169 1346 1216 non

345 1251 583 1322 innotuerunt
595 1252 664 1322 nisi
676 1275 746 1348 ope
757 1251 961 1322 versionum
970 1270 1049 1348 quae
1060 1276 1096 1321 rx
1110 1251 1240 1330 saeculo
1250 1251 1387 1330 sactae..

347 1372 448 1446 sunt,
480 1373 518 1429 ut
544 1357 834 1430 Occidentalibus
852 1383 974 1428 rursus
1000 1381 1065 1454 per
1083 1359 1265 1430 versiones
1287 1383 1348 1429 sae-

347 1464 429 1536 culo
455 1490 505 1536 xu
518 1464 710 1538 consectas.
731 1465 845 1561 quue
862 1465 970 1536 etiam
988 1455 1347 1542 animadvertendum

346 1574 454 1667 Syros
481 1571 695 1671 plerumque
719 1571 818 1643 libris
848 1573 931 1670 ipsis
964 1571 1162 1644 Aristotelis
1197 1587 1345 1670 antepo-

346 1682 456 1754 suisse
474 1697 642 1755 tractatus
660 1682 707 1754 ad
723 1683 835 1780 ipsius
852 1697 1013 1754 mentem
1031 1684 1271 1780 compositos,
1300 1685 1347 1754 si-

347 1788 586 1888 millimcsqne
619 1788 812 1861 dialecticis
847 1788 1015 1878 Boethii,
1049 1789 1279 1877 Cassiodori‚
1312 1805 1348 1860 et

346 1898 540 1994 Categoriis
556 1897 995 1996 pseudo-Augustinianis,
1010 1921 1089 1993 quae
1107 1911 1206 1969 tanto
1224 1897 1347 1968 favore

345 2005 443 2100 apud
459 2006 603 2078 Latinos
620 2004 666 2077 ad
678 2029 727 2074 xu
743 2029 857 2099 usque
876 2003 1044 2076 saeculum
1059 2002 1342 2077 celebrabantur.

345 2114 423 2183 lmo
439 2112 507 2184 hos
524 2127 691 2184 tractatus
710 2113 858 2184 nomine
876 2105 1071 2184 Arbtotelis
1087 2112 1258 2184 decorare
1270 2135 1343 2182 non

344 2220 572 2310 verebantur,
605 2235 644 2292 ut
675 2218 876 2291 scholastici
900 2243 1146 2318 saepenumero
1164 2220 1341 2304 fecerunt,

345 2327 492 2423 quando
505 2327 739 2426 paraphrases
749 2328 947 2400 exarabico
958 2327 1147 2416 translatae,
1165 2352 1244 2423 quae
1258 2325 1346 2396 Aris·

345 2435 462 2507 totelis
478 2437 691 2510 sententiam
708 2452 848 2508 tantum
866 2434 1084 2524 referebant,
1098 2435 1256 2532 primum
1272 2433 1347 2503 vul·

346 2559 433 2640 gatae
460 2553 554 2616 sunt.
576 2546 782 2642 Farragines
808 2545 862 2616 hae
886 2543 1078 2616 dialecticae
1101 2543 1137 2612 in
1161 2540 1346 2613 codicibus

345 2652 488 2747 syriacis
508 2654 634 2752 saepius
657 2669 876 2726 occurrunt:
909 2675 1107 2750 provocare
1133 2647 1284 2721 sufficiat
1299 2646 1346 2718 ad

345 2759 486 2832 codices
518 2762 729 2834 Vaticanum
761 2760 1211 2849 2t7¹,tt1edioeum62²‚
1248 2756 1345 2827 Pari·

344 2868 496 2940 siensem
517 2870 600 2942 tot.
622 2871 760 2942 Eodem
786 2871 968 2967 pertinent
989 2869 1192 2939 rudimenta
1215 2862 1346 2936 dialec-

345 2977 420 3046 ticae
441 2978 573 3072 quaein
592 2976 831 3072 grammaticis
848 2976 992 3068 syriacis
1010 2972 1189 3067 leguntur,
1201 2971 1346 3066 fereque

345 3106 395 3153 ex·
402 3081 493 3154 libro
508 3088 581 3179 Περὶ
600 3081 776 3180 Ἐρμηνείας
791 3094 958 3177 excerpta
970 3094 1066 3160 sunt,
1076 3101 1218 3149 necnon
1236 3077 1346 3152 lexica

343 3190 421 3280 illa,
450 3216 606 3288 quorum
634 3191 852 3289 praecipuum
877 3202 930 3258 est
958 3187 1110 3258 Lexicon
1139 3191 1255 3258 Josuae
1279 3192 1346 3257 Bar

345 3297 415 3386 Ali,
444 3324 576 3371 vocum
603 3295 936 3396 philosophicarum
960 3317 1002 3364 ex
1032 3317 1146 3390 graeco
1175 3292 1345 3364 idiomate

345 3419 568 3502 sumptarum
591 3405 919 3504 interpretationem
939 3401 1168 3474 exhibentia³.

393 3512 464 3598 Qui
482 3529 784 3584 commentatores
802 3512 905 3609 graeci
923 3508 1145 3608 peripatetici
1161 3507 1230 3578 hac
1245 3520 1345 3577 aetate

344 3620 529 3690 vetustiori
572 3619 807 3718 philosophiae
857 3620 999 3716 syriacae
1040 3617 1170 3712 vulgati
1216 3615 1346 3685 fuerint

384 3802 392 3834 ¹
413 3809 539 3872 Assem„
555 3805 646 3860 catal.
661 3806 742 3858 codd.
759 3803 827 3858 bibl.
842 3816 910 3872 ΜΛ,
927 3813 947 3857 t.
963 3804 1020 3869 Ill,
1037 3821 1065 3876 p.
1085 3801 1152 3855 504.

384 3891 395 3924 ¹
414 3888 505 3948 Evod.
522 3895 647 3960 Assem,
665 3893 755 3948 Catal.
770 3893 851 3946 codd.
870 3889 936 3946 bibl.
953 3891 1027 3945 med.
1045 3893 1179 3952 laurent„
1193 3905 1222 3962 p.
1241 3887 1308 3942 107.

385 3979 450 4037 ³Cf.
467 3978 595 4036 codicem
609 3993 739 4038 nostrum
756 3983 829 4050 tta,
846 3980 948 4038 horum
959 3978 1164 4057 glossariorum
1179 3974 1342 4050 exemplum

346 4070 483 4126 eximium
499 4065 683 4145 praebentem.
