3098 5126
596 429 790 502 ,θῖ-

194 577 350 651 secunda
371 580 517 678 physica
544 568 809 679 complectitur,
830 605 908 678 quae
931 581 1079 678 quidem
1104 597 1187 655 octo

193 687 400 760 tractatibus
424 690 679 760 continentur:
706 694 733 759 1.
756 694 809 760 De
828 688 1088 760 auscultatione
1103 689 1190 787 phy·

179 795 283 885 ·sica;
295 799 340 867 ll.
352 794 506 867 Dccoelo
516 811 550 867 et
560 796 718 888 mundo;
732 801 791 867 Ill.
802 800 855 868 De
865 798 1052 887 meteoris;
1065 800 1123 867 lV.
1136 801 1189 868 De

193 903 422 996 generatione
455 917 491 974 et
527 903 781 1006 corruptione,
815 907 859 973 V.
896 907 950 975 Dc
987 903 1187 995 fossilibus,

193 1011 253 1082 Vl.
265 1015 323 1082 Dc
330 1010 478 1110 plantis;
490 1015 565 1082 Vll.
578 1010 869 1102 Deanimalibus3
884 1015 975 1082 Vlll.
986 1015 1040 1082 De
1055 1011 1187 1084 anima.

192 1121 400 1216 Sequuntur
425 1119 461 1192 in
486 1133 586 1218 parte
609 1121 714 1192 tertia
735 1143 850 1218 opera
873 1117 1127 1216 metaphysica,
1153 1119 1191 1189 in

193 1226 595 1318 duostractamsdivisa,
603 1230 856 1326 quorumalter
867 1229 985 1326 primo
997 1227 1043 1298 de
1053 1228 1191 1325 origine

193 1347 230 1405 et
269 1335 475 1408 auctoribus
506 1335 743 1434 philosophiae
769 1338 866 1433 agit,
903 1349 982 1407 tum
1013 1335 1060 1405 de
1089 1334 1192 1406 theo·

193 1441 288 1538 logia
308 1443 383 1517 sive
406 1443 667 1542 metaphysica,
692 1443 781 1517 alter
799 1449 833 1514 l.
855 1444 902 1516 de
922 1443 1031 1515 rebus
1046 1441 1189 1532 ethicis,

194 1553 229 1622 2.
244 1550 290 1625 dc
299 1543 549 1644 oecouurnicis,
563 1555 598 1627 3.
616 1553 661 1625 de
672 1552 827 1652 politicis
836 1552 988 1625 disserit.
1003 1555 1054 1622 Eo
1065 1575 1194 1650 synop-

193 1659 248 1728 sin
276 1657 514 1758 philosophie
543 1661 801 1760 peripateticae,
827 1660 942 1758 qualis
971 1661 1066 1755 Syris
1087 1659 1194 1754 hujus

193 1765 303 1837 aetatis
329 1766 498 1838 innotuit.
523 1769 626 1840 Ratio
646 1793 732 1840 vero
755 1768 1037 1868 philosophandi
1064 1766 1193 1838 barhe-

193 1872 335 1946 braeana
358 1875 539 1950 simillima
563 1893 615 1948 est
636 1878 767 1949 rationi
788 1877 920 1950 Alberti
941 1876 1072 1972 Magni.
1092 1875 1195 1946 Divi-

194 1981 312 2052 siones
327 1979 565 2080 philosophice
581 1983 691 2056 titulis
704 2005 863 2080 operum
877 1980 1073 2054 Aristotelis
1089 1981 1195 2081 plane

194 2086 438 2186 respondent:
458 2091 641 2161 sententiae
655 2089 789 2161 eaedem
813 2105 897 2162 sunt
918 2113 998 2185 quae
1019 2091 1055 2158 in
1076 2089 1195 2187 philo-

195 2195 325 2293 sopho,
336 2195 430 2267 ordo
446 2196 557 2286 idem,
575 2197 685 2268 verba
701 2210 844 2268 tantum
855 2210 1009 2283 mutata,
1028 2210 1090 2266 aut
1103 2209 1196 2266 certe

194 2302 305 2375 verba
325 2303 521 2386 Aristotelis
537 2329 558 2375 a
574 2305 693 2376 verbis
710 2303 952 2402 paraphrasim
968 2327 1042 2374 non
1059 2303 1197 2375 discer-

195 2423 345 2503 nuntur,
374 2429 413 2486 ut
436 2412 514 2485 lieri
530 2414 621 2488 solet
641 2417 679 2487 in
702 2413 969 2487 commentariis
989 2412 1192 2484 hrsiorihus.

195 2522 363 2594 Ceterum
372 2522 544 2595 doctrinae
560 2525 716 2622 propriae
733 2522 823 2598 nihil
836 2521 932 2620 apud
946 2519 1197 2592 Barhebraeunr

195 2629 430 2724 quaerendum
461 2645 527 2702 est.
560 2634 597 2704 6⁰
621 2633 733 2728 Hujus
767 2631 887 2729 operis
912 2629 1055 2725 majoris
1088 2627 1198 2724 epito-

195 2759 284 2806 men
310 2737 466 2810 coniecit
493 2739 751 2830 ‚Barhebraeuffi
778 2738 923 2810 easdem
953 2752 1071 2834 partes
1096 2732 1196 2807 corn-

195 2842 433 2939 plectentem,
469 2845 541 2918 hoc
569 2847 706 2918 titulo:
745 2852 950 2917 Mercatura
978 2859 1196 2914 mercatura-

196 2966 289 3022 rum:
304 2955 425 3025 Exstat
436 2953 573 3026 liberio
583 2954 802 3027 lu'lrliotheca
813 2952 986 3041 Medicea,
1006 2951 1088 3023 cod.
1109 2956 1194 3026 200.

197 3059 236 3130 7⁰*
250 3059 415 3156 Denique
431 3062 550 3133 omitti
566 3085 641 3140 non
660 3062 769 3134 dehet
782 3085 874 3159 opus
887 3059 1077 3156 singulare,
1098 3059 1198 3155 quod

196 3164 385 3238 invenitur
395 3168 433 3238 in
452 3169 638 3242 codicibus
655 3171 828 3242 Vaticano
853 3170 938 3257 ttt,
969 3166 1130 3240 Mediceo
1148 3169 1197 3240 62

197 3286 233 3343 et
255 3274 441 3347 Patisiensi
466 3279 555 3357 tto,
576 3279 635 3349 cui
659 3276 803 3348 titulus:
831 3280 877 3345 In
901 3272 993 3345 illud
1016 3275 1196 3343 Socratis:

196 3384 300 3451 Bona
326 3381 404 3473 lex,
429 3383 493 3454 sed
523 3386 649 3457 melior
673 3383 912 3482 phihsopltia.
949 3380 1119 3477 Dialogus
1146 3396 1200 3454 est

198 3510 300 3560 more
316 3492 514 3583 socratico,
531 3508 677 3565 auctore
692 3491 921 3579 Barhcbraeo,
938 3486 1067 3586 dignus
1085 3487 1197 3586 quiin

197 3595 385 3692 publicum
411 3599 550 3672 edatur.
581 3601 636 3672 lbi
661 3602 836 3672 insertum
863 3612 915 3670 est
941 3621 1086 3669 carmen
1108 3595 1204 3695 quod

198 3705 375 3800 replentes
398 3709 437 3777 in
463 3707 527 3779 lroc
556 3707 686 3781 mundo
713 3707 891 3804 despectui
911 3721 947 3775 et
971 3704 1049 3776 odii)
1078 3703 1204 3774 haberi

198 3809 349 3905 soleant,
373 3812 576 3911 rhythmice
598 3815 805 3905 decurrens,
833 3838 876 3885 ea
900 3811 977 3909 lege
998 3827 1038 3883 ut
1065 3819 1202 3908 ὀμοιοτέ·

200 3925 298 3988 λιστα
322 3935 451 3993 cuncta
476 3922 585 3995 verba
613 3948 724 4020 grteca
748 3922 879 3994 sintin
909 3951 955 4001 σις
984 3919 1198 4007 desinentia,

199 4038 263 4094 ut:
286 4029 438 4123 κάθαρσις,
459 4029 557 4122 τάξις,
578 4037 761 4120 ἀπόστασις,
781 4027 955 4117 ἀπόδειξις,
973 4027 1098 4126 πρᾶξις,
1118 4029 1199 4120 ὄψις,
