3098 5126
750 448 940 582 ..g-l

336 677 357 724 a
370 654 466 750 Syris
480 654 525 724 ad
537 654 667 728 Arabas
683 659 909 729 transmissus
925 657 988 728 fuit
1002 657 1216 730 Aristoteles.
1230 657 1338 746 Quod
1378 707 1381 724 .

336 763 421 859 quia
447 765 553 861 pauci
579 764 765 854 viderunt,
793 787 901 838 causa
934 763 1003 836 fuit
1030 763 1200 862 figmenta
1225 764 1338 838 multa

213 968 218 977 Ι
335 872 573 966 excogitandi,
590 872 679 944 dum
693 874 760 944 viri
778 873 876 946 docti
894 897 1040 946 causam
1051 888 1251 972 quaererent
1264 873 1338 945 for·

335 991 431 1048 tunae
453 979 651 1052 Aristotelis
670 981 707 1050 in
734 982 894 1053 Oriente.
923 981 1054 1053 Arabes
1078 983 1177 1053 enim
1200 996 1236 1054 ct
1259 984 1339 1078 Syri

336 1086 560 1159 Aristotelem
578 1088 615 1158 in
629 1087 690 1160 illa
703 1088 907 1162 scholarum
918 1115 1112 1186 graecarum
1124 1091 1337 1187 frequentia,

336 1215 411 1264 non
433 1193 615 1290 elegerunt
642 1196 705 1268 scd
733 1213 961 1295 acceperunt.
992 1197 1132 1270 Arabes·
1147 1196 1276 1294 linguae
1304 1210 1340 1266 et

334 1298 532 1372 litterarum
550 1325 745 1396 graecarum
765 1300 872 1399 plane
892 1303 1013 1391 rudes,
1039 1303 1158 1375 nullos
1176 1317 1340 1375 auctores

336 1403 539 1479 habuerunt
555 1411 624 1480 nisi
640 1433 732 1506 quos
747 1411 826 1506 Syri
838 1411 923 1507 ipsis
931 1410 1123 1483 tradebant
1135 1438 1144 1481 ε
1158 1410 1240 1506 Syri·
1252 1433 1340 1480 vero

336 1512 426 1586 nihil
442 1531 571 1613 sponte
588 1541 652 1589 sua
667 1519 703 1588 in
721 1516 843 1591 haere
858 1519 1040 1607 lecerunt3
1061 1517 1123 1590 sed
1136 1517 1249 1590 secuti
1257 1533 1341 1588 suut

338 1624 526 1718 magistros
545 1649 630 1696 suos
643 1649 788 1721 graecos.
809 1628 924 1697 Causa
941 1650 1027 1722 ergo
1045 1627 1198 1697 lortunae
1211 1624 1341 1699 Aristo·

206 1736 211 1750 '
336 1728 416 1800 telis
431 1747 510 1805 tum
526 1732 623 1832 apud
636 1735 757 1829 Syros,
775 1749 854 1804 turn
871 1733 968 1832 apud
986 1732 1130 1821 Arabas,
1148 1748 1228 1806 tum
1244 1729 1341 1831 apud

337 1841 568 1934 Byzantinos,
586 1855 664 1911 turn
679 1839 776 1938 apud
790 1839 1025 1912 scholasticos
1040 1841 1190 1923 latinos,
1209 1839 1255 1910 ad
1271 1838 1339 1910 ho·

240 2006 244 2016 ,
337 1947 452 2019 mines
462 1973 655 2045 grecosrv,
668 1975 706 2037 v,
717 1973 754 2018 v1
768 1949 885 2021 saeculi
897 1948 1085 2020 referenda
1095 1963 1160 2020 est.
1172 1947 1249 2018 Viri
1258 1946 1342 2018 doc·

336 2054 461 2126 tissimi
491 2057 554 2153 qui
574 2056 706 2128 scholae
729 2056 968 2129 alexandrinae
991 2056 1120 2155 placita
1137 2053 1341 2127 describere

334 2162 562 2252 studuerunt,
593 2163 707 2262 probe
728 2166 965 2238 ostenderunt
986 2190 1061 2264 quo
1083 2178 1190 2263 pacto
1217 2186 1238 2234 a
1262 2160 1339 2232 Pla-

334 2283 423 2342 tone
447 2296 532 2342 mox
559 2271 749 2345 desciverit
767 2273 890 2346 schola
909 2273 968 2346 illa
986 2275 1106 2373 potius
1123 2267 1341 2370 pseudopla-

336 2379 458 2450 touica
491 2405 600 2477 quam
634 2380 907 2480 neoplatonica,
941 2398 978 2453 et
1008 2381 1140 2478 quibus
1172 2375 1341 2475 gradibus

338 2485 556 2578 Aristoteles,
581 2487 700 2584 primo
721 2501 759 2560 ut
783 2487 913 2586 logicus
928 2487 1073 2584 aequalis
1096 2486 1265 2580 magistro
1286 2482 1341 2553 di·

338 2595 438 2682 vino,
458 2594 542 2666 dein
555 2595 719 2693 superior
730 2596 894 2682 evaserit,
912 2593 1013 2693 quod
1031 2594 1069 2665 in
1080 2593 1246 2664 doctrina
1257 2595 1342 2660 Por·

337 2699 470 2799 phyrii,
507 2702 704 2790 Ammonii,
736 2702 936 2792 Plutarchi,
958 2701 1158 2789 Themistii,
1174 2699 1339 2796 Syriani,

339 2807 469 2899 Procli,
498 2811 689 2901 Damascii,
713 2810 886 2909 Simplicii
909 2811 1032 2884 ridere
1057 2825 1110 2882 est
1120 2812 1142 2899 ¹,
1162 2809 1224 2905 qui
1240 2819 1341 2878 tanto

339 2931 400 2988 aut
425 2916 565 2989 meliori
587 2919 668 3014 jure
695 2920 916 3016 peripatetici
937 2942 1047 3015 quarn
1074 2915 1246 3014 platonici
1270 2913 1343 2985 dici

284 3110 293 3132 ¹
338 3022 486 3096 debent.
498 3029 589 3114 Hoc,
602 3039 642 3096 ut
655 3027 798 3122 opinor,
811 3027 948 3122 primus
960 3025 1054 3095 bene
1064 3022 1156 3094 vidit
1165 3047 1201 3092 v.
1214 3021 1260 3093 cl.
1276 3025 1342 3092 Ra·

338 3131 549 3204 vaissonius.
570 3137 760 3230 Perperam
774 3131 859 3204 olim
874 3131 1090 3203 credebatur
1102 3129 1338 3220 Aristotelem,

242 3226 256 3257 ¹
339 3255 422 3338 post
436 3239 585 3313 brevem
605 3242 642 3312 in
665 3246 783 3338 Lyceo
804 3238 1063 3338 discipulorum
1087 3240 1230 3326 seriem,
1247 3235 1340 3308 obli-

339 3349 447 3420 vione
464 3350 668 3430 demersum
689 3350 815 3437 fuisse,
840 3347 973 3436 donec,
986 3345 1216 3445 philosophia
1230 3345 1342 3418 veteri

338 3456 568 3547 labefactata,
593 3458 713 3529 studio
738 3457 974 3529 barbarorum
992 3454 1185 3527 hominum
1213 3453 1342 3525 clarior

339 3565 577 3636 revivisceret.
596 3569 699 3635 Nunc
719 3587 807 3635 vero
833 3565 964 3634 scimus
982 3561 1175 3634 Aristotelis
1191 3563 1343 3651 auctori-

339 3687 450 3744 tatem
464 3697 651 3770 nunquam
668 3671 766 3770 apud
782 3673 948 3769 antiquos
961 3671 1120 3768 periisse,
1139 3683 1200 3742 aut
1215 3669 1341 3741 saltem

340 3782 390 3854 ita
402 3782 616 3872 refloruisse,
629 3794 799 3878 vergente
815 3778 862 3851 ad
879 3803 1047 3850 occasum
1065 3777 1188 3850 schola
1199 3777 1341 3850 alexan·

339 3889 458 3980 driua,
472 3904 512 3961 ut
522 3887 725 3961 scholastici
734 3887 825 3960 nihil
834 3889 871 3959 in
886 3913 928 3960 ea
940 3913 978 3959 re
989 3883 1200 3959 novandum
1210 3885 1341 3959 habue-

378 4033 388 4068 ¹
409 4033 457 4097 El<
470 4029 517 4104 τὴν
530 4030 664 4109 θειοτέραν
677 4031 831 4111 φιλοσοφίαν
843 4029 979 4110 ἐξώρμησε
994 4029 1041 4099 τὴν
1057 4027 1251 4110 Ἀριστοτέλους
1264 4031 1340 4102 (Da-

339 4121 476 4194 mascius,
492 4121 522 4180 in
536 4122 595 4180 vita
608 4121 729 4194 Isidori,
744 4144 775 4200 p.
795 4125 865 4196 122,
881 4123 949 4182 edit.
965 4121 1074 4194 Didot).
