3098 5126
753 423 951 494 ..46-

354 589 417 644 tuo
427 567 574 658 Rabula‚
585 567 664 641 lbas
673 568 711 637 in
721 568 797 660 ejus
807 566 928 638 locum
938 565 1104 638 suffectus
1115 581 1179 638 est.
1193 567 1355 638 Atiscrat

231 736 239 750 .
355 694 531 751 sectarum
553 672 668 746 surorl
699 677 880 749 Zenonem
906 675 1160 771 imperatorem
1186 673 1355 745 adversus

356 787 583 858 Nestorianos
609 782 799 855 edessenos
825 781 991 854 malevoli
1016 781 1164 878 quidam
1198 783 1355 854 concita·

355 911 456 985 runt,
483 895 665 992 ipsiusque
686 891 786 986 jussu
810 890 978 962 doctores
1009 891 1212 986 ejiciuntur,
1250 905 1356 988 atque

356 1001 546 1075 Academia
561 1000 720 1072 funditus
737 999 920 1088 evertitur,
940 1023 1037 1070 anno
1055 1001 1156 1072 489¹.

820 1286 895 1362 lll.

410 1479 573 1542 Aristoteles
587 1497 607 1531 a
620 1478 698 1549 Syris
712 1479 753 1532 ad
766 1477 873 1536 Persas
888 1479 1009 1534 delatus.
1025 1511 1066 1522 --
1079 1479 1189 1538 Paulus
1205 1481 1306 1538 Persa¹

410 1653 480 1725 Sed
489 1654 564 1724 haec
576 1653 760 1725 calamitas
769 1654 894 1725 studiis
906 1654 1179 1727 humanioribus
1190 1657 1362 1753 augendis

361 1762 459 1860 apud
474 1763 672 1834 Orientales
690 1762 795 1833 valde
809 1763 978 1834 inserviit.
1004 1765 1205 1835 Nestoriani
1221 1764 1362 1862 profugi

364 1893 531 1965 magnam
554 1883 693 1965 partem
717 1867 899 1940 Persidem
915 1871 1070 1968 petiere,
1090 1870 1286 1968 litterisque
1307 1873 1364 1966 ju·
1395 1915 1400 1938 .

359 1976 488 2048 ‘randis
503 1977 694 2076 plurimam
709 1999 857 2074 operam
874 1975 941 2048 sub
955 1978 1153 2054 Sassanidis
1164 1978 1361 2050 contulere.

363 2085 642 2156 Favoremenim
654 2110 780 2181 regum
791 2111 905 2182 quum
915 2087 983 2160 sibi
994 2087 1255 2178 conciliassent,
1266 2111 1365 2159 sum·

365 2194 432 2264 mis
439 2192 548 2265 rebus
557 2191 722 2289 gerendis
734 2191 887 2265 adhibiti
898 2197 1008 2266 sunt².
1020 2200 1167 2267 Perozes
1180 2218 1253 2292 prae
1265 2208 1366 2265 caete-

365 2301 413 2371 ris
434 2301 652 2372 Nestorianis
670 2300 832 2399 impense
856 2301 1013 2390 favebat,
1040 2304 1151 2399 iisque
1171 2301 1272 2376 sedes
1290 2301 1365 2398 cpi·

366 2407 526 2505 scopales
544 2408 615 2478 fere
631 2431 757 2478 omnes
768 2409 965 2496 commisit;
983 2409 1032 2480 ita
1048 2424 1089 2478 ut
1105 2411 1219 2480 Persis
1235 2423 1310 2480 tota
1323 2408 1369 2479 ad

367 2515 595 2587 Nestorianos
623 2514 800 2585 transiret.
831 2518 912 2584 Haec
940 2537 1048 2585 causa
1073 2514 1140 2584 fuit
1164 2539 1229 2584 cur
1251 2515 1370 2586 studia

367 2627 573 2695 Graecorum
595 2620 693 2719 apud
710 2625 833 2692 Persas
849 2621 979 2694 ardore
993 2621 1194 2692 incredibili
1210 2621 1371 2694 coleren-

367 2745 438 2819 tur,
461 2745 569 2829 atque
588 2729 710 2826 lingua
728 2729 864 2825 syriaca
880 2727 985 2800 simul
1010 2742 1046 2800 et
1071 2753 1184 2825 graeca
1209 2730 1371 2802 virorum

367 2839 561 2911 doctorum
579 2836 807 2910 sermonibus
820 2837 953 2934 pariter
970 2835 1264 2909 celebrarentur³.
1280 2841 1373 2907 Jam-

368 2945 509 3044 pridem
537 2947 575 3015 in
604 2945 727 3016 schola
752 2943 941 3034 Edessena,
962 2946 1056 3040 (quae
1083 2943 1169 3016 inde
1195 2944 1293 3016 dicta
1319 2959 1373 3016 est

368 3054 488 3126 schola
504 3051 720 3148 Persarum)
746 3057 857 3122 Persae
873 3051 1006 3123 horum
1029 3052 1233 3124 studiorum
1256 3053 1372 3151 prima

369 3162 575 3233 rudimenta
608 3175 791 3258 ceperant.
822 3163 849 3228 ll
877 3160 989 3232 ruinis
1022 3159 1153 3232 scholae
1187 3160 1373 3232 Edessena

411 3391 419 3422 ¹
440 3388 484 3446 Cf.
507 3387 658 3447 Assemani
671 3387 749 3444 Bibl.
765 3394 879 3454 orient,
895 3400 915 3444 t.
933 3391 990 3456 111,
1005 3400 1081 3465 part.
1097 3393 1136 3458 11,
1153 3408 1183 3466 p.
1200 3408 1321 3446 cuxxvr.

410 3480 421 3512 ¹
439 3476 528 3551 lbid.,
543 3498 573 3556 p.
590 3497 724 3550 cxxxvu,
735 3495 798 3554 sqq.
815 3509 855 3522 -
866 3476 1063 3548 Wichelhaus,
1074 3481 1119 3534 De
1127 3481 1166 3536 N.
1180 3480 1213 3535 Τ.
1226 3498 1294 3535 vers.
1313 3498 1371 3549 srr.

372 3583 432 3627 ant.
455 3568 507 3627 lib.
527 3572 586 3638 Ill,
604 3587 668 3646 cap.
687 3587 722 3624 11.
739 3597 778 3612 ·-
791 3567 881 3626 Multa
900 3566 979 3625 dabit
1000 3568 1087 3626 etiam
1104 3565 1278 3626 Renaudotii
1301 3588 1375 3648 opus

372 3659 514 3719 ineditum
531 3663 576 3716 De
595 3659 783 3728 Nestoriania
804 3656 885 3729 cujus
908 3656 1108 3736 apographum
1130 3656 1257 3735 possidet
1277 3670 1376 3718 nostra

372 3747 550 3808 Bibliotheca
563 3748 700 3810 Maxima.

414 3838 425 3873 ⁸
444 3837 488 3897 Cf.
503 3840 709 3912 Quatremdrc,
728 3839 867 3893 Me'mor're
884 3837 937 3892 ‘sur
949 3841 988 3894 les
1009 3836 1183 3909 Nabataeos,
1198 3850 1228 3916 p'.
1250 3840 1318 3896 tat.
1335 3869 1375 3882 -

374 3926 456 3985 Idem
470 3926 530 3984 fere
545 3927 641 3985 evenit
657 3924 735 4005 apud
748 3930 907 3997 alemanos,
923 3927 973 4002 qui
995 3927 1073 4004 Syris
1087 3928 1171 3986 etiam
1189 3927 1283 4006 prima
1297 3927 1376 3985 litte-

375 4035 473 4075 rarum
484 4015 647 4076 rudimenta
661 4014 834 4075 debuerunt.
