<?xml version="1.0" encoding="UTF-8"?>
<!DOCTYPE html PUBLIC "-//W3C//DTD XHTML 1.0 Transitional//EN"
    "http://www.w3.org/TR/xhtml1/DTD/xhtml1-transitional.dtd">
<html xmlns="http://www.w3.org/1999/xhtml" xml:lang="en" lang="en">
 <head>
  <title>
</title>
<meta http-equiv="Content-Type" content="text/html;charset=utf-8" />
  <meta name='ocr-system' content='tesseract 3.04.00' />
  <meta name='ocr-capabilities' content='ocr_page ocr_carea ocr_par ocr_line ocrx_word'/>
</head>
<body>
  <div class='ocr_page' id='page_1' title='image "./dephilosophiape01renagoog_0042.png"; bbox 0 0 3098 5126; ppageno 0'>
   <div class='ocr_carea' id='block_1_1' title="bbox 201 634 1233 1493">
    <p class='ocr_par' dir='ltr' id='par_1_1' title="bbox 201 634 1233 1493">
     <span class='ocr_line' id='line_1_1' title="bbox 203 634 1201 734; baseline 0 -24"><span class='ocrx_word' id='word_1_1' title='bbox 203 639 302 710; x_wconf 86' lang='lat' dir='ltr'>davit</span> <span class='ocrx_word' id='word_1_2' title='bbox 318 637 503 709; x_wconf 85' lang='lat' dir='ltr'>Honein&#39;us</span> <span class='ocrx_word' id='word_1_3' title='bbox 520 635 596 728; x_wconf 90' lang='lat' dir='ltr'>ejus</span> <span class='ocrx_word' id='word_1_4' title='bbox 620 634 888 724; x_wconf 81' lang='lat' dir='ltr'>translationes,</span> <span class='ocrx_word' id='word_1_5' title='bbox 909 649 944 706; x_wconf 88' lang='lat' dir='ltr'>et</span> <span class='ocrx_word' id='word_1_6' title='bbox 961 636 1136 734; x_wconf 90' lang='lat' dir='ltr'>quidquid</span> <span class='ocrx_word' id='word_1_7' title='bbox 1158 663 1201 710; x_wconf 82' lang='lat' dir='ltr'>ex</span> 
     </span>
     <span class='ocr_line' id='line_1_2' title="bbox 203 742 1204 840; baseline 0 -22"><span class='ocrx_word' id='word_1_8' title='bbox 203 748 357 820; x_wconf 89' lang='lat' dir='ltr'>Honeini</span> <span class='ocrx_word' id='word_1_9' title='bbox 372 743 624 817; x_wconf 85' lang='lat' dir='ltr'><strong>emendatione</strong></span> <span class='ocrx_word' id='word_1_10' title='bbox 637 742 791 814; x_wconf 88' lang='lat' dir='ltr'>habetur</span> <span class='ocrx_word' id='word_1_11' title='bbox 802 744 983 840; x_wconf 89' lang='lat' dir='ltr'>egregium</span> <span class='ocrx_word' id='word_1_12' title='bbox 995 759 1060 834; x_wconf 90' lang='lat' dir='ltr'>est,</span> <span class='ocrx_word' id='word_1_13' title='bbox 1077 759 1204 819; x_wconf 84' lang='lat' dir='ltr'>eontra</span> 
     </span>
     <span class='ocr_line' id='line_1_3' title="bbox 203 848 1201 950; baseline -0.006 -23"><span class='ocrx_word' id='word_1_14' title='bbox 203 856 386 927; x_wconf 81' lang='lat' dir='ltr'><strong>mediocre</strong></span> <span class='ocrx_word' id='word_1_15' title='bbox 399 849 575 950; x_wconf 91' lang='lat' dir='ltr'>quidquid</span> <span class='ocrx_word' id='word_1_16' title='bbox 594 848 847 922; x_wconf 81' lang='lat' dir='ltr'>emendatione</span> <span class='ocrx_word' id='word_1_17' title='bbox 858 851 1068 932; x_wconf 87' lang='lat' dir='ltr'>destitutum</span> <span class='ocrx_word' id='word_1_18' title='bbox 1084 858 1165 926; x_wconf 88' lang='lat' dir='ltr'>est¹.</span> <span class='ocrx_word' id='word_1_19' title='bbox 1183 887 1201 922; x_wconf 88' lang='lat'>»</span> 
     </span>
     <span class='ocr_line' id='line_1_4' title="bbox 202 959 1202 1058; baseline 0.001 -24"><span class='ocrx_word' id='word_1_20' title='bbox 202 964 270 1034; x_wconf 85' lang='lat' dir='ltr'>Sed</span> <span class='ocrx_word' id='word_1_21' title='bbox 281 963 352 1034; x_wconf 91' lang='lat' dir='ltr'>hoc</span> <span class='ocrx_word' id='word_1_22' title='bbox 358 959 535 1058; x_wconf 90' lang='lat' dir='ltr'>judicium</span> <span class='ocrx_word' id='word_1_23' title='bbox 548 959 631 1058; x_wconf 90' lang='lat' dir='ltr'>plus</span> <span class='ocrx_word' id='word_1_24' title='bbox 644 983 748 1055; x_wconf 82' lang='lat' dir='ltr'>aequo</span> <span class='ocrx_word' id='word_1_25' title='bbox 762 983 929 1057; x_wconf 87' lang='lat' dir='ltr'>asperum</span> <span class='ocrx_word' id='word_1_26' title='bbox 947 960 1037 1032; x_wconf 89' lang='lat' dir='ltr'>mihi</span> <span class='ocrx_word' id='word_1_27' title='bbox 1048 961 1202 1056; x_wconf 89' lang='lat' dir='ltr'>videtur,</span> 
     </span>
     <span class='ocr_line' id='line_1_5' title="bbox 202 1068 1205 1168; baseline 0.002 -27"><span class='ocrx_word' id='word_1_28' title='bbox 202 1073 457 1166; x_wconf 88' lang='lat' dir='ltr'>versionesque</span> <span class='ocrx_word' id='word_1_29' title='bbox 473 1069 602 1166; x_wconf 82' lang='lat' dir='ltr'>Sergii,</span> <span class='ocrx_word' id='word_1_30' title='bbox 629 1069 755 1166; x_wconf 86' lang='lat' dir='ltr'>utpote</span> <span class='ocrx_word' id='word_1_31' title='bbox 778 1068 958 1167; x_wconf 88' lang='lat' dir='ltr'>propioris</span> <span class='ocrx_word' id='word_1_32' title='bbox 982 1069 1205 1168; x_wconf 75' lang='lat' dir='ltr'>temporibus</span> 
     </span>
     <span class='ocr_line' id='line_1_6' title="bbox 202 1174 1204 1275; baseline 0 -25"><span class='ocrx_word' id='word_1_33' title='bbox 202 1203 276 1275; x_wconf 91' lang='lat' dir='ltr'>quo</span> <span class='ocrx_word' id='word_1_34' title='bbox 300 1178 428 1274; x_wconf 89' lang='lat' dir='ltr'>linguae</span> <span class='ocrx_word' id='word_1_35' title='bbox 444 1200 564 1274; x_wconf 77' lang='lat' dir='ltr'>graecae</span> <span class='ocrx_word' id='word_1_36' title='bbox 580 1174 739 1247; x_wconf 87' lang='lat' dir='ltr'>studium</span> <span class='ocrx_word' id='word_1_37' title='bbox 764 1175 888 1248; x_wconf 84' lang='lat' dir='ltr'>adhuc</span> <span class='ocrx_word' id='word_1_38' title='bbox 910 1176 1064 1273; x_wconf 86' lang='lat' dir='ltr'>vigebat,</span> <span class='ocrx_word' id='word_1_39' title='bbox 1084 1181 1204 1275; x_wconf 90' lang='lat' dir='ltr'>magni</span> 
     </span>
     <span class='ocr_line' id='line_1_7' title="bbox 202 1281 1233 1381; baseline 0.001 -24"><span class='ocrx_word' id='word_1_40' title='bbox 202 1286 416 1358; x_wconf 85' lang='lat' dir='ltr'>aestimandae</span> <span class='ocrx_word' id='word_1_41' title='bbox 436 1308 557 1381; x_wconf 85' lang='lat' dir='ltr'>eaeque</span> <span class='ocrx_word' id='word_1_42' title='bbox 578 1281 666 1352; x_wconf 88' lang='lat' dir='ltr'>mihi</span> <span class='ocrx_word' id='word_1_43' title='bbox 689 1282 857 1354; x_wconf 88' lang='lat' dir='ltr'>videntur</span> <span class='ocrx_word' id='word_1_44' title='bbox 880 1307 959 1379; x_wconf 89' lang='lat' dir='ltr'>quae</span> <span class='ocrx_word' id='word_1_45' title='bbox 976 1286 1114 1381; x_wconf 81' lang='lat' dir='ltr'>possint</span> <span class='ocrx_word' id='word_1_46' title='bbox 1136 1287 1204 1358; x_wconf 86' lang='lat' dir='ltr'>cri·</span> <span class='ocrx_word' id='word_1_47' title='bbox 1230 1307 1233 1316; x_wconf 84' lang='lat'>&#39;</span> 
     </span>
     <span class='ocr_line' id='line_1_8' title="bbox 201 1389 940 1493; baseline -0.003 -29"><span class='ocrx_word' id='word_1_48' title='bbox 201 1395 280 1466; x_wconf 89' lang='lat' dir='ltr'>ticis</span> <span class='ocrx_word' id='word_1_49' title='bbox 298 1419 407 1493; x_wconf 89' lang='lat' dir='ltr'>opem</span> <span class='ocrx_word' id='word_1_50' title='bbox 422 1418 498 1464; x_wconf 93' lang='lat' dir='ltr'>non</span> <span class='ocrx_word' id='word_1_51' title='bbox 517 1389 823 1464; x_wconf 83' lang='lat' dir='ltr'>contemnendam</span> <span class='ocrx_word' id='word_1_52' title='bbox 837 1389 940 1462; x_wconf 81' lang='lat' dir='ltr'>serre.</span> 
     </span>
    </p>
   </div>
   <div class='ocr_carea' id='block_1_2' title="bbox 250 1499 1311 1600">
    <p class='ocr_par' dir='ltr' id='par_1_2' title="bbox 250 1499 1311 1600">
     <span class='ocr_line' id='line_1_9' title="bbox 250 1499 1311 1600; baseline 0.001 -26"><span class='ocrx_word' id='word_1_53' title='bbox 250 1502 475 1600; x_wconf 80' lang='lat' dir='ltr'>Discipulum</span> <span class='ocrx_word' id='word_1_54' title='bbox 492 1500 568 1596; x_wconf 83' lang='lat' dir='ltr'>ejus</span> <span class='ocrx_word' id='word_1_55' title='bbox 591 1499 774 1570; x_wconf 90' lang='lat' dir='ltr'>neminem</span> <span class='ocrx_word' id='word_1_56' title='bbox 802 1499 983 1588; x_wconf 84' lang='lat' dir='ltr'>novimus,</span> <span class='ocrx_word' id='word_1_57' title='bbox 1002 1500 1070 1571; x_wconf 89' lang='lat' dir='ltr'>nisi</span> <span class='ocrx_word' id='word_1_58' title='bbox 1094 1501 1207 1576; x_wconf 84' lang='lat' dir='ltr'>Theo·</span> <span class='ocrx_word' id='word_1_59' title='bbox 1308 1557 1311 1562; x_wconf 79' lang='lat'>·</span> 
     </span>
    </p>
   </div>
   <div class='ocr_carea' id='block_1_3' title="bbox 203 1608 1207 2437">
    <p class='ocr_par' dir='ltr' id='par_1_3' title="bbox 203 1608 1207 2437">
     <span class='ocr_line' id='line_1_10' title="bbox 203 1608 1205 1708; baseline 0.005 -27"><span class='ocrx_word' id='word_1_60' title='bbox 203 1611 333 1682; x_wconf 89' lang='lat' dir='ltr'>dorum</span> <span class='ocrx_word' id='word_1_61' title='bbox 348 1610 485 1681; x_wconf 90' lang='lat' dir='ltr'>dictum</span> <span class='ocrx_word' id='word_1_62' title='bbox 503 1613 617 1698; x_wconf 86' lang='lat' dir='ltr'>Maru,</span> <span class='ocrx_word' id='word_1_63' title='bbox 636 1611 764 1694; x_wconf 81' lang='lat' dir='ltr'>Mervae</span> <span class='ocrx_word' id='word_1_64' title='bbox 781 1609 818 1680; x_wconf 93' lang='lat' dir='ltr'>in</span> <span class='ocrx_word' id='word_1_65' title='bbox 830 1608 1039 1682; x_wconf 87' lang='lat' dir='ltr'>Khorasana</span> <span class='ocrx_word' id='word_1_66' title='bbox 1058 1615 1205 1708; x_wconf 86' lang='lat' dir='ltr'>regione</span> 
     </span>
     <span class='ocr_line' id='line_1_11' title="bbox 203 1717 1206 1818; baseline 0.006 -31"><span class='ocrx_word' id='word_1_67' title='bbox 203 1717 486 1815; x_wconf 86' lang='lat' dir='ltr'>metropolitam,</span> <span class='ocrx_word' id='word_1_68' title='bbox 506 1717 570 1814; x_wconf 89' lang='lat' dir='ltr'>qui</span> <span class='ocrx_word' id='word_1_69' title='bbox 585 1717 673 1790; x_wconf 84' lang='lat' dir='ltr'>vixit</span> <span class='ocrx_word' id='word_1_70' title='bbox 689 1717 783 1787; x_wconf 88' lang='lat' dir='ltr'>circa</span> <span class='ocrx_word' id='word_1_71' title='bbox 804 1729 940 1787; x_wconf 85' lang='lat' dir='ltr'>annum</span> <span class='ocrx_word' id='word_1_72' title='bbox 958 1718 1043 1805; x_wconf 73' lang='lat'><strong>540,</strong></span> <span class='ocrx_word' id='word_1_73' title='bbox 1060 1743 1206 1818; x_wconf 91' lang='lat' dir='ltr'>compo·</span> 
     </span>
     <span class='ocr_line' id='line_1_12' title="bbox 203 1823 1206 1924; baseline 0.004 -28"><span class='ocrx_word' id='word_1_74' title='bbox 203 1825 356 1921; x_wconf 65' lang='lat' dir='ltr'>cunque,</span> <span class='ocrx_word' id='word_1_75' title='bbox 371 1839 459 1898; x_wconf 90' lang='lat' dir='ltr'>teste</span> <span class='ocrx_word' id='word_1_76' title='bbox 475 1823 684 1921; x_wconf 85' lang='lat' dir='ltr'>Ebcdjesu¹,</span> <span class='ocrx_word' id='word_1_77' title='bbox 704 1823 905 1895; x_wconf 86' lang='lat' dir='ltr'>Solutioncs</span> <span class='ocrx_word' id='word_1_78' title='bbox 915 1823 1033 1895; x_wconf 82' lang='lat' dir='ltr'>decem</span> <span class='ocrx_word' id='word_1_79' title='bbox 1047 1831 1206 1924; x_wconf 68' lang='lat' dir='ltr'>questio·</span> 
     </span>
     <span class='ocr_line' id='line_1_13' title="bbox 203 1931 1206 2033; baseline 0.005 -31"><span class='ocrx_word' id='word_1_80' title='bbox 203 1958 288 2004; x_wconf 83' lang='lat' dir='ltr'>num</span> <span class='ocrx_word' id='word_1_81' title='bbox 308 1936 437 2032; x_wconf 79' lang='lat' dir='ltr'>Sergii.</span> <span class='ocrx_word' id='word_1_82' title='bbox 464 1934 529 2005; x_wconf 85' lang='lat' dir='ltr'>llic</span> <span class='ocrx_word' id='word_1_83' title='bbox 543 1931 679 2030; x_wconf 84' lang='lat' dir='ltr'>absque</span> <span class='ocrx_word' id='word_1_84' title='bbox 698 1932 810 2004; x_wconf 88' lang='lat' dir='ltr'>dubio</span> <span class='ocrx_word' id='word_1_85' title='bbox 831 1932 890 2006; x_wconf 88' lang='lat' dir='ltr'>ille</span> <span class='ocrx_word' id='word_1_86' title='bbox 908 1947 961 2004; x_wconf 91' lang='lat' dir='ltr'>est</span> <span class='ocrx_word' id='word_1_87' title='bbox 983 1935 1041 2005; x_wconf 90' lang='lat' dir='ltr'>cui</span> <span class='ocrx_word' id='word_1_88' title='bbox 1065 1936 1206 2033; x_wconf 84' lang='lat' dir='ltr'>Sergius</span> 
     </span>
     <span class='ocr_line' id='line_1_14' title="bbox 204 2038 1207 2140; baseline 0.007 -31"><span class='ocrx_word' id='word_1_89' title='bbox 204 2039 277 2110; x_wconf 83' lang='lat' dir='ltr'>lere</span> <span class='ocrx_word' id='word_1_90' title='bbox 305 2065 431 2112; x_wconf 91' lang='lat' dir='ltr'>omnes</span> <span class='ocrx_word' id='word_1_91' title='bbox 453 2038 565 2112; x_wconf 85' lang='lat' dir='ltr'>libros</span> <span class='ocrx_word' id='word_1_92' title='bbox 588 2063 673 2111; x_wconf 90' lang='lat' dir='ltr'>suos</span> <span class='ocrx_word' id='word_1_93' title='bbox 691 2039 881 2110; x_wconf 91' lang='lat' dir='ltr'>dedicavit.</span> <span class='ocrx_word' id='word_1_94' title='bbox 908 2043 957 2110; x_wconf 82' lang='lat' dir='ltr'>Ex</span> <span class='ocrx_word' id='word_1_95' title='bbox 976 2040 1080 2112; x_wconf 87' lang='lat' dir='ltr'>titulo</span> <span class='ocrx_word' id='word_1_96' title='bbox 1098 2041 1207 2140; x_wconf 89' lang='lat' dir='ltr'>hujus</span> 
     </span>
     <span class='ocr_line' id='line_1_15' title="bbox 205 2145 1206 2245; baseline 0.006 -28"><span class='ocrx_word' id='word_1_97' title='bbox 205 2149 324 2245; x_wconf 88' lang='lat' dir='ltr'>operis</span> <span class='ocrx_word' id='word_1_98' title='bbox 341 2149 521 2244; x_wconf 83' lang='lat' dir='ltr'>colligitur</span> <span class='ocrx_word' id='word_1_99' title='bbox 534 2149 680 2244; x_wconf 86' lang='lat' dir='ltr'>utrique</span> <span class='ocrx_word' id='word_1_100' title='bbox 695 2171 835 2218; x_wconf 88' lang='lat' dir='ltr'>rnorem</span> <span class='ocrx_word' id='word_1_101' title='bbox 849 2148 956 2218; x_wconf 88' lang='lat' dir='ltr'>luisse</span> <span class='ocrx_word' id='word_1_102' title='bbox 969 2145 1037 2218; x_wconf 89' lang='lat' dir='ltr'>sibi</span> <span class='ocrx_word' id='word_1_103' title='bbox 1053 2151 1206 2222; x_wconf 88' lang='lat' dir='ltr'>invicem</span> 
     </span>
     <span class='ocr_line' id='line_1_16' title="bbox 205 2252 1207 2354; baseline 0.007 -31"><span class='ocrx_word' id='word_1_104' title='bbox 205 2254 371 2327; x_wconf 88' lang='lat' dir='ltr'>mittendi</span> <span class='ocrx_word' id='word_1_105' title='bbox 388 2253 613 2351; x_wconf 88' lang='lat' dir='ltr'>problemata</span> <span class='ocrx_word' id='word_1_106' title='bbox 630 2252 880 2351; x_wconf 87' lang='lat' dir='ltr'>philosophiae.</span> <span class='ocrx_word' id='word_1_107' title='bbox 905 2254 1046 2324; x_wconf 85' lang='lat' dir='ltr'>Etenim</span> <span class='ocrx_word' id='word_1_108' title='bbox 1066 2256 1207 2354; x_wconf 88' lang='lat' dir='ltr'>Sergius</span> 
     </span>
     <span class='ocr_line' id='line_1_17' title="bbox 205 2359 1207 2437; baseline 0.008 -8"><span class='ocrx_word' id='word_1_109' title='bbox 205 2359 279 2430; x_wconf 84' lang='lat' dir='ltr'>fere</span> <span class='ocrx_word' id='word_1_110' title='bbox 290 2383 416 2433; x_wconf 88' lang='lat' dir='ltr'>omnes</span> <span class='ocrx_word' id='word_1_111' title='bbox 433 2387 516 2434; x_wconf 90' lang='lat' dir='ltr'>suos</span> <span class='ocrx_word' id='word_1_112' title='bbox 533 2360 645 2432; x_wconf 89' lang='lat' dir='ltr'>libros</span> <span class='ocrx_word' id='word_1_113' title='bbox 660 2359 883 2434; x_wconf 81' lang='lat' dir='ltr'>exordiendo</span> <span class='ocrx_word' id='word_1_114' title='bbox 900 2360 1057 2434; x_wconf 87' lang='lat' dir='ltr'>declarat</span> <span class='ocrx_word' id='word_1_115' title='bbox 1078 2389 1115 2436; x_wconf 91' lang='lat' dir='ltr'>se</span> <span class='ocrx_word' id='word_1_116' title='bbox 1131 2365 1207 2437; x_wconf 87' lang='lat' dir='ltr'>haec</span> 
     </span>
    </p>
   </div>
   <div class='ocr_carea' id='block_1_4' title="bbox 206 2469 1207 2671">
    <p class='ocr_par' dir='ltr' id='par_1_4' title="bbox 206 2469 1207 2671">
     <span class='ocr_line' id='line_1_18' title="bbox 206 2469 1207 2571; baseline 0.008 -35"><span class='ocrx_word' id='word_1_117' title='bbox 206 2491 281 2538; x_wconf 93' lang='lat' dir='ltr'>non</span> <span class='ocrx_word' id='word_1_118' title='bbox 298 2469 452 2542; x_wconf 86' lang='lat' dir='ltr'>scribere</span> <span class='ocrx_word' id='word_1_119' title='bbox 469 2471 538 2540; x_wconf 90' lang='lat' dir='ltr'>nisi</span> <span class='ocrx_word' id='word_1_120' title='bbox 553 2470 797 2566; x_wconf 89' lang='lat' dir='ltr'>interrogante</span> <span class='ocrx_word' id='word_1_121' title='bbox 811 2493 852 2542; x_wconf 91' lang='lat' dir='ltr'>ac</span> <span class='ocrx_word' id='word_1_122' title='bbox 869 2470 1104 2567; x_wconf 87' lang='lat' dir='ltr'>quaestionem</span> <span class='ocrx_word' id='word_1_123' title='bbox 1120 2495 1207 2571; x_wconf 92' lang='lat' dir='ltr'>pro-</span> 
     </span>
     <span class='ocr_line' id='line_1_19' title="bbox 206 2575 734 2671; baseline 0.008 -27"><span class='ocrx_word' id='word_1_124' title='bbox 206 2591 364 2671; x_wconf 90' lang='lat' dir='ltr'>ponente</span> <span class='ocrx_word' id='word_1_125' title='bbox 375 2575 580 2666; x_wconf 84' lang='lat' dir='ltr'>Theodoro.</span> <span class='ocrx_word' id='word_1_126' title='bbox 731 2587 734 2594; x_wconf 73' lang='grc'>“</span> 
     </span>
    </p>
   </div>
   <div class='ocr_carea' id='block_1_5' title="bbox 687 2842 734 2917">
    <p class='ocr_par' dir='ltr' id='par_1_5' title="bbox 687 2842 734 2917">
     <span class='ocr_line' id='line_1_20' title="bbox 687 2842 734 2917; baseline 0.085 -4"><span class='ocrx_word' id='word_1_127' title='bbox 687 2842 734 2917; x_wconf 86' lang='lat' dir='ltr'>V.</span> 
     </span>
    </p>
   </div>
   <div class='ocr_carea' id='block_1_6' title="bbox 387 2998 1038 3070">
    <p class='ocr_par' dir='ltr' id='par_1_6' title="bbox 387 2998 1038 3070">
     <span class='ocr_line' id='line_1_21' title="bbox 387 2998 1038 3070; baseline 0 -4"><span class='ocrx_word' id='word_1_128' title='bbox 387 3013 431 3066; x_wconf 88' lang='lat' dir='ltr'>Dc</span> <span class='ocrx_word' id='word_1_129' title='bbox 445 3009 539 3066; x_wconf 81' lang='lat' dir='ltr'>schola</span> <span class='ocrx_word' id='word_1_130' title='bbox 553 2998 770 3067; x_wconf 77' lang='lat' dir='ltr'>Kinnesriuensi</span> <span class='ocrx_word' id='word_1_131' title='bbox 783 3029 832 3066; x_wconf 82' lang='lat' dir='ltr'>seu</span> <span class='ocrx_word' id='word_1_132' title='bbox 847 3011 1038 3070; x_wconf 70' lang='lat' dir='ltr'>Chalcidensi.</span> 
     </span>
    </p>
   </div>
   <div class='ocr_carea' id='block_1_7' title="bbox 209 3169 1212 3915">
    <p class='ocr_par' dir='ltr' id='par_1_7' title="bbox 209 3169 1212 3915">
     <span class='ocr_line' id='line_1_22' title="bbox 258 3169 1210 3260; baseline 0.004 -18"><span class='ocrx_word' id='word_1_133' title='bbox 258 3170 393 3242; x_wconf 83' lang='lat' dir='ltr'>Saeculo</span> <span class='ocrx_word' id='word_1_134' title='bbox 405 3196 469 3260; x_wconf 88' lang='lat' dir='ltr'>vn,</span> <span class='ocrx_word' id='word_1_135' title='bbox 485 3169 691 3244; x_wconf 88' lang='lat' dir='ltr'>coenobium</span> <span class='ocrx_word' id='word_1_136' title='bbox 705 3171 983 3244; x_wconf 89' lang='lat' dir='ltr'>Kinnesriuense</span> <span class='ocrx_word' id='word_1_137' title='bbox 999 3196 1144 3244; x_wconf 88' lang='lat' dir='ltr'>necnon</span> <span class='ocrx_word' id='word_1_138' title='bbox 1157 3198 1210 3246; x_wconf 90' lang='lat' dir='ltr'>se·</span> 
     </span>
     <span class='ocr_line' id='line_1_23' title="bbox 209 3277 1211 3378; baseline 0.003 -29"><span class='ocrx_word' id='word_1_139' title='bbox 209 3278 273 3350; x_wconf 87' lang='lat' dir='ltr'>des</span> <span class='ocrx_word' id='word_1_140' title='bbox 286 3278 496 3376; x_wconf 88' lang='lat' dir='ltr'>episcopalis</span> <span class='ocrx_word' id='word_1_141' title='bbox 510 3278 618 3375; x_wconf 90' lang='lat' dir='ltr'>hujus</span> <span class='ocrx_word' id='word_1_142' title='bbox 635 3277 734 3350; x_wconf 90' lang='lat' dir='ltr'>urbis</span> <span class='ocrx_word' id='word_1_143' title='bbox 744 3279 864 3378; x_wconf 91' lang='lat' dir='ltr'>plures</span> <span class='ocrx_word' id='word_1_144' title='bbox 873 3278 969 3350; x_wconf 87' lang='lat' dir='ltr'>viros</span> <span class='ocrx_word' id='word_1_145' title='bbox 981 3279 1211 3378; x_wconf 85' lang='lat' dir='ltr'>peripatetice</span> 
     </span>
     <span class='ocr_line' id='line_1_24' title="bbox 209 3383 1210 3484; baseline 0.006 -29"><span class='ocrx_word' id='word_1_146' title='bbox 209 3383 337 3457; x_wconf 91' lang='lat' dir='ltr'>doctos</span> <span class='ocrx_word' id='word_1_147' title='bbox 347 3383 564 3478; x_wconf 88' lang='lat' dir='ltr'>habuerunt,</span> <span class='ocrx_word' id='word_1_148' title='bbox 584 3388 677 3459; x_wconf 89' lang='lat' dir='ltr'>inter</span> <span class='ocrx_word' id='word_1_149' title='bbox 693 3411 785 3484; x_wconf 90' lang='lat' dir='ltr'>quos</span> <span class='ocrx_word' id='word_1_150' title='bbox 800 3401 901 3458; x_wconf 84' lang='lat' dir='ltr'>aetate</span> <span class='ocrx_word' id='word_1_151' title='bbox 916 3387 1073 3483; x_wconf 89' lang='lat' dir='ltr'>primum</span> <span class='ocrx_word' id='word_1_152' title='bbox 1088 3385 1210 3461; x_wconf 88' lang='lat' dir='ltr'>locum</span> 
     </span>
     <span class='ocr_line' id='line_1_25' title="bbox 209 3493 1210 3595; baseline 0.002 -31"><span class='ocrx_word' id='word_1_153' title='bbox 209 3506 306 3564; x_wconf 84' lang='lat' dir='ltr'>tenet</span> <span class='ocrx_word' id='word_1_154' title='bbox 327 3495 478 3564; x_wconf 89' lang='lat' dir='ltr'>Severus</span> <span class='ocrx_word' id='word_1_155' title='bbox 499 3493 696 3567; x_wconf 86' lang='lat' dir='ltr'>Sabochtes</span> <span class='ocrx_word' id='word_1_156' title='bbox 717 3519 779 3566; x_wconf 91' lang='lat' dir='ltr'>seu</span> <span class='ocrx_word' id='word_1_157' title='bbox 796 3494 1047 3584; x_wconf 85' lang='lat' dir='ltr'>lesuhochtes‚</span> <span class='ocrx_word' id='word_1_158' title='bbox 1070 3495 1210 3595; x_wconf 88' lang='lat' dir='ltr'>episco-</span> 
     </span>
     <span class='ocr_line' id='line_1_26' title="bbox 209 3601 1210 3699; baseline 0.004 -29"><span class='ocrx_word' id='word_1_159' title='bbox 209 3625 277 3696; x_wconf 91' lang='lat' dir='ltr'>pus</span> <span class='ocrx_word' id='word_1_160' title='bbox 305 3601 601 3692; x_wconf 87' lang='lat' dir='ltr'>kinnesrinensis‚</span> <span class='ocrx_word' id='word_1_161' title='bbox 630 3604 693 3699; x_wconf 90' lang='lat' dir='ltr'>qui</span> <span class='ocrx_word' id='word_1_162' title='bbox 721 3603 816 3674; x_wconf 88' lang='lat' dir='ltr'>circa</span> <span class='ocrx_word' id='word_1_163' title='bbox 849 3627 987 3675; x_wconf 86' lang='lat' dir='ltr'>aunum</span> <span class='ocrx_word' id='word_1_164' title='bbox 1016 3603 1088 3677; x_wconf 73' lang='lat'>640</span> <span class='ocrx_word' id='word_1_165' title='bbox 1112 3605 1210 3675; x_wconf 85' lang='lat' dir='ltr'>vive·</span> 
     </span>
     <span class='ocr_line' id='line_1_27' title="bbox 209 3707 1207 3809; baseline 0.002 -29"><span class='ocrx_word' id='word_1_166' title='bbox 209 3707 282 3780; x_wconf 85' lang='lat' dir='ltr'>bat.</span> <span class='ocrx_word' id='word_1_167' title='bbox 305 3709 531 3782; x_wconf 86' lang='lat' dir='ltr'>Barhebraeus</span> <span class='ocrx_word' id='word_1_168' title='bbox 550 3711 587 3781; x_wconf 91' lang='lat' dir='ltr'>in</span> <span class='ocrx_word' id='word_1_169' title='bbox 605 3711 771 3782; x_wconf 77' lang='lat' dir='ltr'>Chronici</span> <span class='ocrx_word' id='word_1_170' title='bbox 781 3712 918 3805; x_wconf 68' lang='lat' dir='ltr'>cyriaci</span> <span class='ocrx_word' id='word_1_171' title='bbox 938 3725 1039 3809; x_wconf 88' lang='lat' dir='ltr'>parte</span> <span class='ocrx_word' id='word_1_172' title='bbox 1056 3708 1207 3802; x_wconf 86' lang='lat' dir='ltr'>inedita,</span> 
     </span>
     <span class='ocr_line' id='line_1_28' title="bbox 210 3815 1212 3915; baseline 0.004 -30"><span class='ocrx_word' id='word_1_173' title='bbox 210 3815 333 3890; x_wconf 83' lang='lat' dir='ltr'>laudat</span> <span class='ocrx_word' id='word_1_174' title='bbox 354 3822 524 3891; x_wconf 85' lang='lat' dir='ltr'>Severum</span> <span class='ocrx_word' id='word_1_175' title='bbox 546 3834 711 3891; x_wconf 87' lang='lat' dir='ltr'>nostrum</span> <span class='ocrx_word' id='word_1_176' title='bbox 725 3818 773 3889; x_wconf 94' lang='lat' dir='ltr'>ob</span> <span class='ocrx_word' id='word_1_177' title='bbox 789 3818 1062 3915; x_wconf 75' lang='lat' dir='ltr'>philosophico,¹</span> <span class='ocrx_word' id='word_1_178' title='bbox 1075 3818 1212 3889; x_wconf 72' lang='lat' dir='ltr'>matite-</span> 
     </span>
    </p>
   </div>
   <div class='ocr_carea' id='block_1_8' title="bbox 250 4001 780 4181">
    <p class='ocr_par' dir='ltr' id='par_1_8' title="bbox 250 4001 780 4181">
     <span class='ocr_line' id='line_1_29' title="bbox 251 4001 718 4083; baseline 0 -23"><span class='ocrx_word' id='word_1_179' title='bbox 251 4003 260 4035; x_wconf 93' lang='lat'><strong>¹</strong></span> <span class='ocrx_word' id='word_1_180' title='bbox 280 4001 433 4076; x_wconf 87' lang='lat' dir='ltr'>Wenrich,</span> <span class='ocrx_word' id='word_1_181' title='bbox 448 4024 497 4083; x_wconf 93' lang='lat' dir='ltr'>op.</span> <span class='ocrx_word' id='word_1_182' title='bbox 513 4003 606 4073; x_wconf 65' lang='lat' dir='ltr'>laud„</span> <span class='ocrx_word' id='word_1_183' title='bbox 622 4024 652 4081; x_wconf 92' lang='lat' dir='ltr'>p.</span> <span class='ocrx_word' id='word_1_184' title='bbox 670 4005 718 4065; x_wconf 74' lang='lat'>³2.</span> 
     </span>
     <span class='ocr_line' id='line_1_30' title="bbox 250 4102 780 4181; baseline 0 -21"><span class='ocrx_word' id='word_1_185' title='bbox 250 4102 261 4136; x_wconf 83' lang='lat'><strong>¹</strong></span> <span class='ocrx_word' id='word_1_186' title='bbox 282 4107 411 4173; x_wconf 79' lang='lat' dir='ltr'>Assem,</span> <span class='ocrx_word' id='word_1_187' title='bbox 427 4115 448 4161; x_wconf 86' lang='lat' dir='ltr'>t.</span> <span class='ocrx_word' id='word_1_188' title='bbox 465 4107 524 4175; x_wconf 90' lang='lat'>111,</span> <span class='ocrx_word' id='word_1_189' title='bbox 540 4121 607 4181; x_wconf 87' lang='lat' dir='ltr'>pars</span> <span class='ocrx_word' id='word_1_190' title='bbox 622 4107 648 4173; x_wconf 88' lang='lat' dir='ltr'>l,</span> <span class='ocrx_word' id='word_1_191' title='bbox 663 4123 692 4180; x_wconf 90' lang='lat' dir='ltr'>p.</span> <span class='ocrx_word' id='word_1_192' title='bbox 711 4107 780 4162; x_wconf 72' lang='lat' dir='ltr'>lli.</span> 
     </span>
    </p>
   </div>
   <div class='ocr_carea' id='block_1_9' title="bbox 0 0 1563 5126">
    <p class='ocr_par' dir='ltr' id='par_1_9' title="bbox 0 0 1563 5126">
     <span class='ocr_line' id='line_1_31' title="bbox 0 0 1563 5126; baseline 0 0"><span class='ocrx_word' id='word_1_193' title='bbox 0 0 1563 5126; x_wconf 95' lang='lat' dir='ltr'> </span> 
     </span>
    </p>
   </div>
  </div>
 </body>
</html>
