3098 5126
764 433 1015 495 ...s--

352 579 418 648 hac
447 577 551 650 luisse
572 575 807 664 intentatum,
842 575 1001 672 mihique
1028 577 1111 647 satis
1139 575 1298 648 futurum
1323 580 1352 648 si

350 686 452 758 lineis
465 685 589 782 primis
600 684 694 756 hanc
713 685 902 756 materiam
915 683 1150 782 descripsero.
1171 684 1351 781 ¹Singulari

350 795 511 883 fortuna,
535 816 576 863 ac
603 817 767 864 meorum
790 791 922 862 civium
945 789 1122 864 beneficio
1145 792 1207 889 qui
1228 791 1352 888 juveni

349 912 494 996 sumptu
521 893 668 996 publico
694 896 863 970 viaticum
896 895 942 968 ad
978 896 1106 968 itinera
1134 895 1351 995 philologica

348 1020 619 1095 concesserunt,
634 1004 799 1077 evolvere
814 1003 903 1076 mihi
917 1003 1067 1101 contigit
1084 1019 1263 1102 quotquot
1278 1005 1351 1076 fere

347 1117 491 1210 Europa
508 1113 669 1184 continet
685 1111 827 1184 codices
845 1111 1001 1206 syriacos
1022 1101 1068 1184 ad
1086 1111 1351 1211 philosophiam

346 1235 567 1318 spectantes,
590 1221 798 1308 Vaticanos,
825 1217 1022 1308 Mediceos,
1055 1219 1285 1308 Parisienses,
1309 1245 1350 1290 ac

345 1330 479 1401 caeteris
493 1328 607 1402 multo
620 1328 883 1428 praestantiores
900 1329 963 1425 qui
970 1328 1017 1400 ad
1032 1330 1194 1398 Museum
1212 1328 1349 1398 Britan·

345 1437 467 1507 nicum
484 1435 593 1509 delati
609 1451 693 1508 sunt
707 1461 751 1508 ex
764 1435 824 1507 illa
835 1437 871 1506 S.
891 1437 1009 1507 Mariae
1020 1435 1182 1534 Deiparae
1194 1435 1349 1506 Nitrien-

344 1545 390 1616 sis
404 1543 621 1618 bibliotheca
638 1543 894 1633 inaestimabili,
910 1567 988 1640 quae
1001 1559 1143 1633 nostra,
1166 1542 1262 1640 proh
1281 1542 1347 1613 do·

344 1651 417 1726 lor!
439 1678 515 1725 esse
536 1667 692 1752 poterat,
717 1654 747 1724 si
772 1651 883 1724 modo
901 1649 1151 1722 voluissemus.
1171 1654 1259 1738 Quae
1273 1653 1346 1745 jam

343 1787 386 1834 ex
419 1762 480 1834 illo
511 1759 678 1832 thesauro
705 1761 837 1832 eruerit
866 1759 1085 1856 antiquitatis
1112 1771 1348 1828 monumenta

343 1869 388 1940 cl.
401 1869 599 1941 Gulielmus
608 1872 766 1939 Cureton
780 1890 906 1938 omnes
917 1865 1016 1938 docti
1025 1866 1155 1937 sciunt.
1171 1871 1247 1961 Ego
1260 1889 1346 1935 vero

281 1997 283 2000 ·
344 1993 383 2050 ut
409 1974 666 2076 supellectilem
690 1974 787 2046 illam
817 1976 973 2064 excussi,
1000 1998 1084 2044 mox
1111 1971 1348 2044 animadverti

343 2113 421 2184 quae
435 2085 519 2159 alibi
530 2099 758 2157 asservantur
771 2081 1008 2183 philosophiae
1020 2085 1165 2180 syriacae
1181 2083 1347 2180 reliquias

215 2190 229 2216 ⁸
343 2195 446 2265 nihili
461 2195 535 2265 fere
551 2192 776 2264 aestimandas
793 2193 822 2262 si
842 2192 941 2264 hisce
958 2205 1226 2290 comparentur,
1240 2204 1346 2286 atque

341 2302 378 2372 in
393 2301 448 2372 his
467 2300 685 2372 membranis
702 2299 934 2396 quaerendam
950 2323 1027 2372 esse
1046 2313 1178 2386 totam,
1198 2321 1278 2394 quae
1291 2322 1346 2368 su-

341 2424 471 2506 perest,
491 2407 757 2506 philosophiam
766 2409 951 2501 Syrorum.
963 2409 1092 2505 Sparsa
1109 2405 1269 2500 quidem,
1282 2406 1344 2477 sed

340 2516 497 2613 pretiosa
513 2516 732 2589 documenta
751 2514 860 2606 mihi,
891 2515 982 2586 sicut
1001 2511 1169 2585 omnibus
1190 2513 1345 2607 syriacas

340 2623 473 2696 litteras
491 2622 711 2712 colentibus,
737 2622 911 2694 offerebat
935 2626 1169 2694 Assemanus:
1199 2633 1236 2690 at
1256 2617 1342 2690 doc-

340 2747 398 2804 tus
431 2733 605 2804 Maronita
634 2731 776 2803 codices
814 2730 1084 2830 philosophicos
1109 2728 1344 2827 paucissimos

341 2840 494 2926 evolvit,
516 2856 623 2936 atque
634 2841 672 2910 in
683 2835 756 2911 'hac
771 2840 904 2912 laboris
916 2853 1018 2936 parte
1031 2861 1124 2933 opus
1142 2859 1185 2904 ex
1202 2836 1343 2930 integro

340 2948 413 3019 fere
425 2948 643 3018 ordiendum
652 2957 739 3018 erat.
755 2951 785 3016 J.
797 2951 842 3017 G.
854 2945 1096 3031 Wenrichius‚
1107 2943 1145 3012 in
1163 2939 1343 3039 illaquam

339 3055 479 3153 scripsit
509 3055 813 3127 commentatione
847 3057 905 3124 De
932 3057 1117 3122 auctorum
1147 3073 1341 3147 greacorum

341 3163 552 3234 versionibus
596 3180 633 3234 et
661 3163 926 3234 commentariis
957 3162 1125 3256 syriacis,
1163 3156 1338 3246 arabicis,

338 3273 553 3342 armeniacis
562 3271 782 3369 persicisque
800 3270 960 3368 (Lipsiae,
981 3267 1106 3364 4842),
1122 3291 1164 3338 ea
1180 3281 1337 3355 tantum,

339 3381 413 3450 imo
428 3403 503 3449 non
518 3379 652 3466 omnia,
673 3404 751 3477 quae
763 3378 860 3477 apud
869 3379 1105 3450 assemanum
1117 3375 1337 3472 legebantur,

338 3483 555 3584 compilavit.
