3098 5126
724 477 947 558 ,-ltss-

351 625 469 721 operis
482 647 527 696 ne
546 625 732 720 vestigium
746 623 893 721 quidem
911 646 1063 718 usquam
1079 625 1261 722 reperisse.
1279 627 1349 698 Sed

350 755 417 827 ego
433 755 502 828 pro
531 747 630 802 certo
657 731 910 804 affirmaverim
938 729 1130 826 legendum
1157 755 1233 802 esse
1250 738 1349 804 Jam-

349 839 520 924 bocum,
552 839 710 935 mihique
735 838 1024 935 uiffragabuntur
1050 842 1270 936 quicumque
1294 841 1348 912 lit·

350 962 508 1026 terarum
533 962 569 1018 et
592 961 810 1044 punctorum
834 946 1100 1018 diacriticorum
1135 950 1351 1022 mutationes

351 1069 498 1126 norunt.
530 1057 612 1142 Quo
642 1079 832 1143 concesso,
860 1069 998 1126 tantum
1028 1079 1103 1126 non
1131 1069 1270 1127 certum
1299 1072 1351 1130 est

350 1159 407 1230 his
422 1159 540 1232 verbis
556 1161 733 1257 designari
757 1160 946 1236 Jamblichi
967 1186 1029 1232 seu
1060 1159 1257 1258 Ἀὅάμμωνος
1280 1169 1350 1259 πρὸς

350 1276 409 1346 τὴν
419 1273 581 1365 Πορφυρίου
591 1275 663 1366 πρὸς
681 1267 788 1340 ’nucib
805 1277 969 1347 ἐπιστολὴν
989 1273 1159 1365 ἀπόκρισιν.
1172 1271 1350 1344 Facillime

347 1375 548 1472 intelligent
562 1375 802 1475 Porphyrium
815 1376 923 1472 hujus
939 1375 1020 1448 libri
1037 1391 1222 1450 auctorem
1231 1380 1351 1452 credi·

349 1499 428 1555 lum
443 1483 565 1572 fuisse,
586 1485 650 1581 qui
670 1484 787 1556 sciunt
814 1483 956 1556 arabice
977 1509 1112 1556 nomen
1139 1487 1293 1559 auctoris
1312 1500 1352 1559 ut

350 1607 386 1662 et
404 1591 480 1686 ejus
504 1592 551 1664 ad
571 1616 679 1687 quem
698 1617 790 1690 opus
816 1591 979 1687 dirigitur
1006 1617 1071 1689 per
1090 1591 1162 1664 hem
1186 1592 1347 1666 indicari.

351 1702 523 1770 Praeterea
535 1715 673 1771 certum
688 1715 741 1771 est
759 1699 949 1772 Jamblichi
967 1699 1142 1774 nonnulla
1165 1701 1301 1797 syriace
1317 1716 1353 1772 et

350 1805 492 1880 arabice
523 1831 627 1879 versa
664 1831 764 1895 esse,
801 1806 1030 1903 Rhazemque
1056 1822 1350 1880 commentatum

350 1939 427 1986 esse
444 1911 572 1986 lurum
590 1913 770 1988 Anebonir
786 1914 837 1984 ud
849 1915 1118 2013 Porphyrium&

398 2032 532 2105 Codice
551 2038 624 2108 247
643 2034 831 2104 Vaticano¹
854 2034 1060 2106 continetur
1087 2036 1203 2108 versio
1233 2037 1352 2133 operis

350 2141 501 2237 dequo,
526 2141 689 2237 quumvis
704 2155 800 2214 certa
818 2140 969 2213 desinire
982 2165 1056 2213 non
1074 2144 1223 2240 possim,
1239 2167 1350 2240 pauca

351 2266 469 2323 umen
492 2249 626 2320 referre
640 2249 755 2344 juvat.
783 2243 996 2346 Inscriptum
1025 2264 1079 2320 est
1097 2277 1105 2320 ε
1125 2252 1279 2321 Sc'oentia
1307 2247 1350 2320 de

350 2372 627 2453 temperamento
644 2372 746 2428 terrae
760 2382 807 2426 ea:
826 2355 915 2428 libro
928 2360 1056 2428 Berozi
1061 2410 1071 2446 ,
1089 2359 1261 2455 sapisntir
1274 2381 1351 2426 ma·

346 2466 473 2562 guerr&
502 2464 699 2561 incipitque
716 2465 790 2535 sic:
827 2493 843 2530 u
870 2463 983 2549 Vide,
1010 2488 1032 2535 o
1060 2464 1183 2535 Theon
1210 2463 1350 2553 filimi,

349 2595 428 2666 quae
446 2569 528 2645 dico
550 2569 614 2641 tibi
635 2570 681 2642 de
697 2583 982 2666 temperamento
1002 2583 1104 2642 terrae
1120 2569 1215 2642 etde
1235 2569 1353 2640 homi-

349 2699 458 2754 no...
474 2704 491 2744 u
509 2679 593 2748 Post
607 2677 695 2750 duas
707 2679 871 2775 paginas,
891 2675 980 2748 alter
994 2675 1118 2748 titulus
1133 2676 1300 2765 habetur,
1316 2679 1352 2748 in

349 2784 447 2859 hunc
456 2784 624 2858 modum:
639 2790 829 2856 Rursmex
839 2783 961 2856 codem
972 2783 1061 2856 libro
1070 2787 1210 2873 Berozi,
1226 2787 1354 2883 magis·

351 2898 402 2966 tri
412 2897 596 2992 cupientis,
609 2893 712 2990 cujus
724 2895 835 2988 periit
849 2917 982 2991 mgna
988 2919 1081 2988 pars
1097 2894 1200 2962 initio
1214 2892 1352 2982 etfi1w;

349 3015 458 3097 atque
475 3000 522 3075 ad
537 2999 672 3074 calcem
693 2999 768 3070 haec
786 3000 934 3071 miniata
951 2997 1118 3093 leguntur
1134 3024 1143 3068 t
1162 2998 1351 3094 Explicit:

349 3107 422 3180 lunc
436 3109 642 3204 scripsimus
656 3106 747 3176 sicut
762 3129 807 3173 ea
823 3105 1035 3189 invenimus,
1051 3105 1136 3201 quia
1154 3103 1241 3175 liber
1255 3103 1354 3176 valde

349 3217 518 3313 antiquus
533 3229 628 3298 erat,
661 3228 696 3284 et
715 3215 880 3309 perierat
904 3237 951 3282 ex
967 3235 1157 3311 eonmugnu
1170 3239 1274 3309 pars.
1295 3214 1354 3282 Vi-

350 3320 496 3400 debunt⁴
515 3321 575 3392 alii
599 3319 730 3416 quibus
756 3319 836 3418 plus
863 3320 930 3392 erit
954 3321 1127 3418 temporis
1159 3335 1266 3417 atque
1290 3321 1353 3392 otii

350 3453 460 3526 quam
477 3428 541 3500 fuit
554 3427 644 3499 mihi
663 3427 750 3498 dum
758 3429 948 3500 Vaticanus
965 3428 1109 3507 codices
1125 3429 1350 3518 evolverem,

350 3539 536 3634 cujusnam
565 3535 741 3623 auctoris,
771 3537 989 3633 argumenti,
1024 3539 1197 3635 temporis
1223 3537 1268 3607 sit
1294 3536 1353 3608 ille

350 3645 454 3716 liber.

400 3761 453 3833 Ad
475 3759 614 3833 scholas
632 3785 708 3833 nou
724 3761 970 3860 peripateticas
993 3760 1092 3859 quod
1112 3762 1255 3850 attinet,
1275 3763 1352 3857 Syri

354 3951 360 3961 ’
391 3964 399 3998 ¹
422 3965 477 4040 op.
494 3962 587 4031 uua,
602 3984 632 4040 p.
650 3965 721 4034 rua,
735 3965 803 4024 soa.

391 4073 402 4106 ²
422 4078 546 4143 Assem„
562 4077 652 4130 Catal.
667 4077 748 4130 codd.
766 4073 831 4131 bibl.
850 4081 947 4142 vatic,
964 4077 1057 4143 t.111,
1074 4094 1100 4151 p.
1120 4077 1189 4133 504.
