3098 5126
747 419 940 486 42...

345 589 495 662 remque
520 564 788 663 amplectamur.
820 563 891 640 Sod
924 561 1098 638 indicium
1123 561 1263 638 nulum
1294 575 1348 637 est

345 698 419 769 quo
446 671 484 747 id
500 675 616 772 prima
638 671 756 748 moute
772 671 975 769 perspicere
994 669 1187 768 posslmue.
1207 669 1346 744 ldoiroo

345 781 503 878 cognitio
513 779 642 854 harum
655 779 871 878 opinionum
880 777 1066 854 scientiam
1080 793 1116 854 et
1127 776 1238 852 fidem
1246 801 1348 874 uque

345 889 500 988 respicit·
533 888 688 962 scientia
713 889 810 962 euim
833 888 907 985 agit
928 886 975 959 de
997 885 1107 962 rebus
1127 886 1299 984 proximis
1313 900 1348 958 et

345 995 540 1069 manifestis
577 1010 613 1068 et
649 1020 728 1094 quae
760 996 843 1071 sciri
881 1009 979 1068 certa
1017 993 1157 1068 ratione
1188 1007 1346 1092 queunt3

344 1102 435 1176 fides
461 1127 546 1192 vero
571 1104 617 1186 de
640 1103 748 1176 rebus
769 1103 977 1203 longinquis
998 1117 1034 1176 et
1056 1101 1294 1179 invisibilibus
1314 1116 1350 1176 et

345 1235 425 1306 quae
439 1211 522 1286 sciri
538 1225 638 1286 certo
653 1225 853 1308 nequeunt.
877 1209 939 1285 illa
964 1209 1111 1307 quidem
1131 1233 1216 1284 cum
1238 1208 1350 1284 dubio

241 1369 247 1386 .
345 1331 411 1406 est,
437 1317 514 1391 haec
537 1343 625 1394 varo
652 1319 728 1393 sine
756 1317 893 1392 dubio:
919 1342 1032 1416 porro
1058 1342 1170 1392 omne
1199 1315 1351 1392 dubium
1455 1391 1457 1396 .

345 1425 448 1523 parit,
461 1426 749 1516 dissensionem
769 1441 910 1515 contra,
931 1425 1080 1522 quaimo
1098 1423 1251 1500 dubium
1277 1424 1354 1499 nul-

346 1531 422 1608 lum
446 1548 513 1623 est,
537 1533 578 1609 fit
605 1534 833 1614 unanimitas.
863 1533 1017 1610 Soientia
1042 1558 1128 1630 ergo
1155 1533 1277 1632 potior
1300 1547 1353 1606 est

348 1640 440 1731 fide3
465 1641 530 1717 sed
553 1646 651 1719 Deus
678 1641 800 1740 potior
821 1656 875 1717 est
902 1641 1063 1716 scientia.
1087 1640 1231 1718 Etenim
1247 1640 1354 1716 oliam

347 1748 534 1826 credentes
553 1750 771 1846 investigant
791 1774 848 1824 res
870 1747 969 1838 fidei,
988 1763 1023 1823 et
1039 1749 1194 1824 scientim
1218 1749 1355 1822 faciunt

348 1855 566 1955 apologiam,
582 1881 696 1953 quum
707 1856 834 1928 dieunt
845 1855 1006 1932 futurum
1020 1882 1098 1930 esse
1110 1871 1149 1930 ut
1162 1855 1250 1930 olim
1265 1855 1355 1930 sois-

349 1989 429 2036 mus
445 1963 547 2061 quod
564 1987 663 2038 nuno
679 1962 923 2044 oredimus...

398 2101 418 2143 a
428 2073 589 2168 Explicit
600 2097 717 2148 sermo
744 2071 789 2146 de
805 2087 879 2148 tota
899 2089 980 2148 ante
1002 2071 1114 2170 lapsa
1135 2070 1351 2156 Arenata,

348 2181 562 2274 composino
589 2205 613 2252 a
647 2173 763 2256 Paulo
787 2185 905 2258 Persa
927 2207 948 2252 a
973 2180 1112 2256 ciuitate
1142 2177 1352 2265 Delmino,

350 2284 402 2361 ad
416 2311 535 2386 regem
553 2285 756 2363 camroem.
773 2315 792 2357 n

399 2397 503 2471 uene
524 2393 601 2492 ipse
626 2394 769 2490 decipio
789 2395 938 2490 quando
959 2396 1073 2470 miror
1095 2415 1219 2488 syrum
1241 2391 1360 2466 homi-

351 2525 436 2578 nem
453 2527 575 2599 regem
597 2501 793 2580 barbarum
815 2503 867 2578 sio
889 2501 1134 2598 alloquentem
1160 2499 1290 2572 seculo
1307 2523 1357 2587 vi,

352 2625 497 2706 tamque
540 2611 729 2708 perspicue
767 2609 996 2686 aeleaticismi
1034 2607 1249 2682 sententiam
1292 2605 1361 2678 heo

352 2729 453 2790 aetate
482 2715 730 2814 profitentem
761 2742 806 2794 an
831 2718 950 2816 potius
977 2718 1078 2814 Syris
1101 2729 1137 2788 et
1163 2714 1299 2804 Persis,
1323 2714 1360 2784 in

353 2823 412 2900 illa
437 2849 517 2920 quaa
543 2839 630 2899 tuno
658 2839 734 2898 erat
761 2827 960 2902 miserrima
976 2822 1215 2923 philosophiae
1238 2820 1363 2894 condi·

353 2933 472 3020 tione,
492 2933 758 3029 receptaculum
775 2933 875 3008 suere
894 2934 1075 3007 bonarum
1092 2929 1363 3028 disciplinarum

354 3037 493 3136 reliquo
521 3038 609 3110 orbs
646 3053 821 3113 tesaurum
861 3041 950 3113 tristi
987 3037 1172 3134 naufragio
1203 3061 1361 3135 perenu-

356 3146 478 3220 lium?

828 3427 893 3503 lv.

385 3621 430 3674 De
442 3617 546 3674 stadiis
558 3621 756 3692 peripateticis
768 3621 850 3694 apud
862 3618 1024 3689 Jacobieas,
1040 3639 1075 3676 ac
1086 3621 1182 3692 primo
1200 3619 1237 3672 de
1252 3617 1346 3674 schola

774 3711 951 3766 Resainensl.

410 3889 521 3962 Panlo
538 3893 666 3981 serius,
686 3893 749 3968 sed
768 3919 844 3970 non
862 3895 995 3971 minori
1009 3895 1140 3970 ardore
1155 3917 1265 3991 quam
1281 3897 1366 3966 Nes-

362 3999 513 4088 toriani,
550 3999 811 4098 Monophysitae
844 4027 907 4076 seu
941 4001 1109 4078 Jacobitae
1144 3997 1366 4078 anatomiam
