3098 5126
731 463 780 474 ..
805 423 853 492 24
879 463 927 476 ...

249 652 258 673 ¹
333 567 553 640 Resainensis
570 571 754 663 episcopus
778 585 815 639 et
844 566 1054 662 archiater,
1088 571 1275 642 iustiniani
1296 586 1331 642 et

331 675 501 747 Chosrois
525 675 681 773 aequalis.
701 679 801 748 ,Eum
833 702 878 748 ex
909 676 1087 749 archiatro
1121 679 1331 777 episcopum

331 784 466 860 factum
487 807 563 855 esse
580 783 751 856 credibile
772 799 844 872 est3
863 797 1019 856 attamen
1037 785 1208 857 eumdem
1225 785 1332 858 simul

331 908 366 964 et
388 893 600 990 episcopum
620 905 656 962 et
678 891 861 964 medicum
882 891 990 964 fuisse
1013 918 1122 964 nemo
1144 893 1332 966 mirabitur

330 1000 393 1094 qui
425 1012 557 1070 statum
588 996 772 1070 medicinae
801 999 855 1070 his
877 1000 1100 1098 temporibus
1127 1016 1234 1098 atque
1256 1016 1332 1073 stu-

223 1166 229 1179 .
330 1106 475 1178 diorum
491 1129 674 1177 sacrorum
686 1119 722 1176 et
745 1106 982 1204 profanorum
1003 1109 1100 1206 apud
1117 1112 1225 1206 Syros
1243 1133 1331 1182 con·

326 1215 549 1312 junctionem
568 1215 720 1285 noverit.
752 1218 868 1287 Pauca
894 1215 1040 1311 quidem
1058 1216 1103 1287 de
1130 1217 1200 1288 vita
1223 1217 1332 1314 ipsius

329 1337 417 1395 nota
448 1335 543 1394 sunt.
574 1320 805 1395 Barhebraeus
833 1323 870 1393 in
895 1323 1063 1394 Chrontcr'
1083 1325 1222 1418 syriaci
1232 1337 1332 1421 parte

242 1422 253 1439 ’
329 1429 478 1502 incdita’
493 1442 614 1501 narrat
630 1453 731 1518 eum,
763 1454 875 1525 quum
901 1430 1077 1502 archiater
1103 1444 1194 1502 esset
1217 1432 1334 1505 Resai-

330 1539 468 1626 nensis,
507 1539 718 1636 episcopum
746 1563 853 1609 suum
880 1538 1090 1610 criminibus
1118 1538 1333 1612 lacessivisse

329 1644 427 1742 apud
444 1645 539 1716 cives
550 1669 653 1734 suos,
667 1659 706 1716 ut
720 1647 756 1716 in
768 1645 905 1742 expulsi
916 1659 951 1716 et
967 1645 1199 1718 condemnati
1212 1646 1333 1718 locum

329 1750 573 1840 sufficeretur;
588 1753 665 1848 jam
680 1777 746 1851 per
763 1753 905 1826 fraudes
923 1754 1038 1826 varias
1049 1755 1249 1826 inserviisse
1261 1754 1332 1826 fac*-

331 1859 421 1930 tioni
436 1859 783 1956 Menophysitarum,
799 1857 1024 1958 Romamque
1037 1862 1141 1934 ivisse
1152 1876 1192 1933 ut
1201 1865 1333 1960 Agape-

331 1967 1116 2066 tumpapamindesecumConstantinopolim
1124 1969 1329 2056 abduceret.

330 2077 412 2146 Haec
434 2089 555 2146 autem
573 2076 778 2148 testimonia
807 2101 874 2175 pro
900 2079 1073 2176 suspectis
1100 2076 1209 2148 habet
1233 2082 1331 2148 Asse-

330 2182 552 2270 manus,·cui
574 2180 703 2254 lubens
723 2185 912 2274 assentior,
933 2186 1096 2282 quamvis
1122 2208 1253 2256 munus
1274 2186 1331 2257 in-

330 2291 493 2387 terpretis
518 2314 592 2386 quo
621 2288 835 2387 fungebatur
862 2293 1005 2388 Sergius
1027 2291 1112 2362 huic
1138 2291 1334 2364 narrationi

330 2391 441 2466 iidem
457 2395 650 2468 conciliare
665 2396 842 2466 videatur.
866 2397 989 2468 Malim
1012 2397 1181 2468 tacuisset
1205 2397 1335 2468 Barbe-

330 2500 445 2574 braeus
461 2527 542 2600 quae
556 2517 779 2600 sequuntur:
811 2505 1008 2598 «Sergium
1029 2504 1147 2573 virum
1160 2501 1334 2598 eloquen-

330 2624 403 2682 tem
422 2609 544 2702 iuisse,
572 2612 665 2682 etin
696 2613 816 2706 graecis
839 2633 881 2681 ac
904 2610 1046 2706 syriacis
1069 2609 1194 2682 litteris
1216 2633 1335 2680 versa-

330 2731 426 2806 tum,
447 2717 687 2815 eumdemque
705 2719 742 2790 in
761 2732 837 2790 arte
855 2715 1025 2789 medendi
1053 2717 1331 2816 peritissimum

329 2825 515 2898 voluntate
539 2827 687 2923 quidem
709 2826 938 2914 eunuchum,
968 2826 1129 2898 moribus
1156 2849 1242 2897 vero
1273 2825 1335 2896 ad·

331 2933 482 3004 modum
508 2935 685 3030 corruptis
718 2957 760 3004 ac
788 2932 973 3030 turpibus,
1006 2947 1043 3004 et
1067 2933 1215 3004 luxuriae
1245 2933 1334 3008 vitio

331 3063 474 3110 necnon
491 3041 646 3111 avaritiae
661 3040 931 3135 inquinatum.»
948 3045 1001 3110 An
1018 3039 1115 3110 idern
1132 3039 1335 3134 sit'Sergius

238 3197 240 3200 -
331 3162 455 3219 noster
481 3171 523 3220 ac
547 3148 688 3244 Sergius
711 3146 770 3217 ille
788 3148 980 3245 interpres,
1005 3147 1158 3218 Chosroi
1175 3146 1336 3218 charissi-

331 3279 430 3343 mus,
457 3255 520 3352 qui
545 3280 672 3351 regum
689 3259 875 3326 Persarum
898 3257 1026 3327 seriem
1045 3271 1080 3327 et
1101 3269 1198 3352 gesta
1215 3256 1251 3326 in
1268 3255 1335 3325 lin-

331 3384 439 3456 guam
467 3385 619 3456 graecam
646 3375 815 3459 precante
845 3362 991 3456 Agathia
1015 3363 1209 3454 convertit,
1234 3368 1334 3433 Asse-

332 3491 460 3539 manus
476 3466 628 3540 definire
654 3491 730 3539 non
759 3469 869 3540 audet
881 3471 903 3538 ³.
925 3467 996 3540 Sed
1015 3495 1128 3568 quum
1149 3469 1333 3565 utriusque

220 3631 223 3647 .
330 3573 453 3666 loeus,
484 3590 584 3666 aetas,
615 3577 732 3648 studia
766 3577 1005 3667 conveniant,
1038 3602 1095 3650 res
1127 3575 1217 3647 mihi
1247 3600 1333 3647 vero

372 3733 381 3766 ¹
402 3731 454 3791 uis
474 3731 563 3791 titulis
584 3732 738 3793 decoratur
761 3732 791 3790 in
813 3730 961 3790 codicibus
983 3733 1075 3792 Musei
1098 3731 1273 3805 Britannici,
1296 3731 1333 3790 de

331 3822 437 3898 quibus
447 3841 516 3879 mox
529 3822 651 3885 dicetur.

372 3912 383 3945 ¹
402 3909 489 3989 Apud
500 3915 626 3983 Assem„
642 3925 664 3970 t.
678 3917 718 3984 11,
734 3934 763 3990 p.
781 3915 849 3973 323.

312 4001 319 4023 '⁴
372 3999 383 4034 ⁸
402 3999 477 4058 Bibl.
493 4003 592 4058 orient.
599 4045 608 4076 ,
622 4015 642 4059 t.
656 4005 710 4073 111,
724 4015 798 4080 part.
814 4007 839 4073 1,
853 4022 882 4080 p.
900 4007 950 4073 87,
967 4015 1028 4062 not.

1125 4090 1141 4190 ,
