3098 5126
621 440 804 563 ²-r-

220 642 319 714 fonte
337 641 527 739 desumpta
545 655 581 712 et
595 639 747 715 confusa
762 639 869 712 edere
889 642 1036 738 coepit¹3
1056 657 1141 714 tunc
1159 643 1223 715 de·

218 751 329 846 nique
348 749 473 848 incipit
485 747 594 846 longo
610 749 718 822 series
732 771 885 848 operum
906 773 987 844 quae
999 750 1077 845 Syri
1093 748 1224 824 abhinc

219 882 332 953 usque
356 858 403 930 ad
427 871 589 931 nostram
612 871 753 930 aetatem
770 855 938 954 populari
963 855 1083 952 lingua
1109 857 1145 928 in
1165 856 1221 931 lu·

218 987 298 1034 cem
314 965 474 1063 proferro
491 989 567 1038 non
580 965 807 1038 destiterunt.

268 1075 319 1144 Ex
335 1072 391 1144 his
416 1088 566 1170 apparet
586 1097 651 1144 our
671 1072 795 1146 litterae
818 1073 1010 1168 Syrorum,
1036 1070 1159 1168 quales
1176 1072 1223 1149 ad

218 1202 286 1250 nos
310 1178 437 1255 delatae
455 1195 553 1271 sunt,
581 1183 733 1254 omnino
751 1203 908 1277 graecum
927 1193 964 1251 et
987 1177 1222 1258 christianum

217 1311 291 1383 prae
305 1287 475 1361 scierant
490 1289 671 1377 colorem,
690 1289 740 1363 ita
757 1301 797 1358 ut
812 1288 926 1383 Syria,
941 1287 1050 1361 etiam
1066 1287 1126 1360 illa
1142 1311 1222 1384 quae

216 1395 352 1490 syriace
374 1395 601 1494 loquebatur,
621 1396 809 1494 provincia
832 1392 1026 1491 byzantina
1042 1393 1218 1469 videatur.

216 1505 317 1574 Artes
342 1505 517 1602 utrinque·
536 1504 725 1578 simillimae
747 1517 851 1594 sunt;
874 1501 957 1576 vide
973 1501 1086 1575 modo
1107 1504 1222 1602 pietu—

217 1633 274 1680 ras
282 1611 447 1707 insignes
464 1611 599 1684 codicis
616 1610 768 1691 Medicei
783 1635 872 1707 quas
889 1609 1048 1682 Evodius
1065 1615 1222 1685 Assema-

217 1740 284 1788 nos
297 1741 367 1790 aere
377 1719 588 1792 incidendas
597 1720 764 1792 curavit&
778 1724 950 1793 Auctores
963 1718 1098 1814 recepti
1112 1718 1221 1791 iidem

215 1840 315 1915 sunt,
343 1851 476 1925 nempe
500 1832 621 1900 Patres
640 1826 798 1900 ecclesiae
814 1850 934 1923 graecae
950 1826 1085 1922 syriace
1104 1827 1217 1915 versi;

214 1936 467 2008 controversiae
479 1936 628 2024 eaedem,
642 1935 795 2010 haereses
810 1934 958 2010 eaedcm.
977 1935 1105 2006 Evenit
1122 1936 1220 2006 enim
1244 1932 1249 1943 ’
1306 2012 1310 2021 ,

217 2055 255 2111 ut
270 2057 374 2114 sectae
390 2069 470 2140 quae
486 2058 574 2114 ortae
593 2042 691 2140 opud
708 2046 853 2115 Graecos
873 2043 1055 2113 fortunam
1072 2041 1220 2116 brevem

215 2150 252 2220 in
269 2151 378 2222 natali
395 2151 474 2222 solo
496 2149 721 2238 habuerunt,
740 2149 837 2246 apud
861 2151 969 2243 Syros
984 2150 1074 2218 mire
1090 2174 1221 2248 propa·

215 2272 303 2352 gatae
325 2283 367 2330 ac
392 2273 613 2332 conservatae
635 2259 726 2349 sint3
758 2259 808 2328 ita
835 2272 875 2327 ut
901 2256 974 2328 fere
1001 2257 1048 2328 ad
1079 2273 1220 2330 aetetem

214 2379 375 2438 nostram
387 2366 485 2464 apud
494 2369 603 2463 Syros
614 2365 823 2438 duraverint
833 2366 1022 2463 opiniones
1033 2390 1112 2462 quae
1122 2367 1219 2462 apud

213 2473 356 2545 Graecos
375 2475 506 2546 saeculo
528 2499 604 2546 uno
623 2473 776 2572 amplius
794 2473 950 2571 spatium
972 2473 1117 2544 vivendi
1144 2497 1218 2544 oon

212 2577 430 2656 habuerunt.
458 2584 517 2655 Sic
547 2582 790 2678 Eutychianus
820 2607 882 2654 seu
911 2581 1220 2678 monophysiticus

213 2711 314 2758 error
328 2691 425 2787 apud
438 2690 617 2764 Jacobitas
633 2715 698 2767 seu
708 2690 937 2780 Severianos;
949 2689 1000 2762 sic
1011 2691 1220 2762 Nestoriana

212 2793 344 2892 placita
370 2799 467 2895 apud
491 2798 677 2870 Chaidaeos
701 2823 765 2870 :seu
793 2800 902 2893 Syros
927 2796 1136 2888 orientales3
1168 2799 1219 2868 sic

213 2904 530 2977 Monothelitarum
553 2904 724 3000 dogmata
740 2905 838 3004 apud
859 2904 1053 2978 Maronitas
1069 2902 1136 2976 sibi
1158 2901 1218 2978 'su-

213 3013 443 3109 pervixerunt
472 3043 479 3083 :
506 3013 546 3085 hi
572 3029 693 3086 tamen
722 3013 853 3086 saeculo
873 3013 949 3107 jam
977 3038 1040 3084 xm
1066 3029 1217 3089 exeunte

212 3145 296 3191 cum
314 3121 462 3194 ecclesia
480 3129 632 3193 romana
648 3145 776 3220 pacem
791 3121 916 3192 iniere.
1251 3110 1262 3137 ¹

261 3232 364 3301 Nunc
373 3229 486 3320 vides,
498 3229 783 3327 niiallor,quare
791 3229 1018 3300 Aristotelem
1030 3243 1217 3326 tantopere
1291 3236 1302 3262 ⁸

213 3340 292 3435 Syri
316 3339 576 3412 deamarerint.
606 3341 748 3412 Etenim
767 3364 882 3435 quum
902 3341 1076 3434 Syrorum
1098 3339 1217 3413 studia

212 3446 416 3519 studiorum
424 3472 623 3545 graecorum
632 3445 1066 3545 qualmvigebantsaeculo
1078 3473 1115 3519 ιν
1124 3446 1216 3520 veiv

207 3553 456 3651 planesaciem
475 3555 645 3644 reserant,
659 3554 864 3627 Aristoteles
875 3555 962 3652 ipsis
978 3553 1216 3653 philosophos

213 3661 283 3732 κατ’
293 3659 401 3758 ἐξοχήν
419 3686 496 3733 non
516 3685 592 3733 esse
609 3685 683 3732 non
695 3662 825 3759 potuit.
847 3665 871 3730 A
888 3661 1019 3732 Graecis
1031 3659 1077 3732 ad
1093 3663 1215 3756 Syros,

252 3830 260 3864 ¹
282 3831 381 3888 Graece
391 3843 420 3888 et
432 3829 542 3908 syriace
555 3829 701 3908 scripsisse
720 3828 914 3889 Bardesanem
928 3827 1032 3906 probat
1045 3833 1080 3886 A.
1097 3828 1218 3886 Gallen-

212 3917 288 3991 dius,
303 3919 381 3979 Bibl.
397 3933 448 3976 ret.
460 3933 575 3995 patrum
587 3940 630 3997 gr.
650 3923 715 3990 lat,
731 3930 753 3979 t.
769 3923 794 3993 1,
811 3917 924 3996 Proieg.
936 3939 965 3996 p.
983 3937 1106 3977 cxxxrrr.

250 4009 262 4044 ²
284 4007 329 4068 Ad
346 4009 453 4068 calcem
475 4013 604 4086 Catalogi
616 4013 698 4066 codd.
716 4011 814 4066 orient.
832 4009 898 4066 bibl.
913 4011 993 4068 Med.
1006 4012 1215 4083 Laurentisne,

212 4117 299 4176 quem
313 4100 374 4176 ipsc
388 4099 520 4160 coniecit.
