3098 5126
726 428 731 436 '
1192 432 1202 463 0

612 544 657 556 ,Μ
686 504 727 568 at
759 542 808 555 .-

211 650 444 722 aristotelica.
462 632 663 720 Aristoteles
683 649 759 746 ipse
776 633 1071 743 aliquando-usus
1089 659 1141 716 cst
1155 643 1208 714 his

210 756 450 828 schematibus
472 753 707 842 divisionum,
731 753 830 826 verbi
846 755 955 850 gratia
973 755 1009 823 io
1026 741 1118 824 libro
1137 753 1210 846 Περὶ

213 861 410 960 ispaniae,
431 887 510 961 cap.
531 867 648 955 οπως
665 865 700 952 l;
718 877 754 932 ct
772 861 843 933 loci
859 860 979 959 plures
996 862 1105 959 ipsius
1122 883 1210 955 ope-

209 995 290 1041 rum
309 971 440 1068 figuras
455 969 641 1065 adjunctas
654 971 835 1065 requirere
851 968 1045 1039 videntur¹.
1063 967 1141 1064 Syri
1157 965 1211 1034 his

208 1076 449 1150 schematibus
470 1101 545 1146 non
569 1075 686 1146 minus
715 1074 1001 1164 delectabantur,
1027 1089 1211 1170 totamque

208 1183 475 1283 philosophiam
493 1181 550 1253 his
565 1181 798 1254 divisionibus
817 1197 924 1280 atque
937 1179 1212 1256 enumerationi·

207 1287 276 1362 hus
297 1284 556 1388 dispescebanl.
572 1292 745 1360 Praeterea
760 1291 873 1361 textui
896 1289 979 1361 libri
995 1295 1069 1386 Περὶ
1091 1287 1212 1384 Ἑρμη-

209 1402 291 1480 νείας
308 1399 386 1494 (tol.
411 1399 492 1492 at),
513 1394 636 1492 glossae
656 1410 692 1466 et
711 1398 952 1494 expositiones
978 1397 1138 1494 plurimae
1161 1397 1212 1465 in·
1246 1414 1250 1423 ·

209 1521 310 1578 sertae
330 1521 414 1578 sunt
439 1505 540 1575 lincis
560 1503 714 1574 miniatis
739 1503 895 1574 inclusae.
926 1505 1107 1601 Denique,
1130 1517 1212 1601 post

210 1613 393 1708 hnalytica
408 1611 486 1706 (iol.
502 1611 578 1706 49),
597 1609 773 1710 reperitur
785 1612 822 1680 in
835 1610 965 1680 eodem
976 1611 1102 1682 codice
1115 1633 1212 1679 com-

210 1721 404 1790 mentarius
428 1719 466 1790 in
489 1723 658 1815 isagogen
690 1717 895 1816 Porphyrii,
919 1743 1028 1814 quem
1050 1721 1212 1788 Assema·

208 1850 276 1898 nus
298 1829 489 1898 Ammonio
518 1826 575 1898 vel
602 1826 804 1925 Philopouo
830 1825 953 1896 tribuit
964 1828 988 1896 ¹.
1020 1825 1149 1922 incipit
1174 1825 1211 1893 in

208 1931 308 2005 hunc
317 1935 486 2005 modum:
502 1963 518 2002 n
530 1937 676 2032 Septem
683 1935 799 2032 capita
812 1933 1006 2030 quaerenda
1016 1947 1100 2003 sunt
1109 1932 1211 2002 initio

209 2039 289 2111 libri
307 2040 508 2136 cujuslibet,
533 2065 681 2139 scopus,
710 2042 855 2128 utilitas,
876 2041 982 2130 ordo,
1003 2064 1109 2112 causa
1132 2041 1214 2110 scri·

209 2145 336 2237 bandi,
354 2149 482 2219 divisio
496 2149 666 2245 capitum,
692 2149 792 2242 cujus
809 2147 963 2218 auctoris
981 2147 1024 2216 sit
1043 2146 1150 2231 liber,
1167 2147 1213 2216 de
1245 2200 1248 2203 -

210 2279 283 2349 quo
307 2269 400 2352 agat.
432 2257 571 2352 Scopus
595 2252 702 2349 hujus
727 2254 808 2325 libri
827 2269 888 2326 est
906 2269 945 2324 ut
970 2252 1144 2334 edisserat
1166 2253 1214 2325 de
1243 2339 1246 2346 λ

210 2357 360 2432 vocibus
373 2360 630 2459 philosophicis
635 2413 701 2431 .....
709 2366 958 2456 »Quanquam
976 2375 1096 2431 autem
1110 2360 1213 2431 multi

210 2483 294 2538 sant
330 2469 581 2540 commentarii
610 2470 832 2566 peripatetici
864 2483 942 2540 tum
976 2469 1011 2539 in
1043 2474 1212 2564 isagogen

212 2589 288 2644 tum
303 2576 340 2645 in
359 2576 582 2672 Categorias,
603 2579 665 2673 qui
686 2576 743 2647 his
768 2576 842 2648 fere
868 2575 985 2648 verbis
1006 2577 1211 2673 incipiunt⁸,

211 2680 352 2754 nullum
370 2684 489 2781 reperi
504 2685 580 2755 sive
598 2686 797 2774 ammonii,
817 2686 891 2758 sive
908 2683 1121 2781 Philoponi,
1141 2683 1214 2754 sive

213 2788 303 2860 alius
331 2790 487 2886 cujusvis
518 2793 750 2890 peripatetici
771 2794 834 2889 qui
859 2817 942 2864 eum
968 2807 1091 2862 nostro
1123 2814 1215 2861 unus

210 2893 380 2994 idemque
411 2899 455 2968 sit
485 2925 492 2966 :
522 2899 585 2970 sed
612 2899 705 2971 adeo
737 2899 884 2970 confusa
915 2913 966 2970 est
995 2897 1071 2968 haec
1102 2911 1213 2968 mate·
1318 2993 1319 2998 γ

250 3151 323 3212 ¹Cf.
347 3152 530 3230 Barthelemy
550 3154 771 3224 saint-Hilairc,
794 3159 918 3231 Logique
940 3155 1104 3220 d'Aristote,
1128 3165 1148 3214 t.
1168 3154 1213 3220 11,

212 3261 242 3318 p.
260 3245 290 3314 7,
304 3255 364 3302 not.

251 3351 262 3386 ¹
283 3356 377 3412 catat.
392 3355 473 3412 codd.
491 3351 559 3410 bibl.
577 3367 647 3426 vat„
661 3367 682 3411 t.
699 3355 752 3423 111,
768 3374 797 3431 p.
817 3354 886 3411 30⁷.

250 3464 262 3498 ⁸
282 3461 369 3522 Verbi
386 3463 497 3542 gnatia,
513 3463 607 3521 David
621 3467 765 3522 Armenus
779 3463 809 3520 in
823 3469 956 3539 Isagogen
972 3462 1058 3540 (inter
1072 3462 1215 3520 Brundisii

212 3553 322 3612 scholia
335 3553 366 3610 in
377 3552 572 3624 Aristotelem,
584 3553 621 3612 ad
628 3553 743 3614 ,calcem
755 3551 890 3610 editionis
899 3543 1093 3621 Beklterianae
1106 3573 1135 3630 p.
1154 3555 1213 3623 16),

211 3647 383 3720 Anonymus
404 3642 455 3720 qui
477 3643 555 3721 apud
573 3643 754 3702 Brandisiutn
772 3656 830 3713 est,
852 3663 882 3720 p.
904 3644 961 3712 30,
985 3641 1015 3698 in
1036 3643 1212 3718 Categorias,

212 3746 241 3790 ct
254 3741 423 3811 Anonymus
437 3733 486 3810 qui
499 3748 542 3792 est
556 3733 680 3805 ibidem,
692 3754 722 3811 p.
739 3737 791 3805 93,
800 3733 831 3790 in
844 3731 951 3790 librum
962 3729 1031 3807 Περὶ
1041 3729 1212 3808 Ἑρμηνείας.

211 3825 290 3901 Lege
318 3823 404 3880 modo
430 3844 436 3877 ε
462 3821 512 3891 Ἓξ
539 3821 669 3904 κεφάλαια
694 3823 861 3900 προληπτέον
889 3820 986 3884 παντὸς
1017 3821 1214 3896 ἀριστοτελικοῦ

212 3911 326 3987 βιὸλίου,
339 3915 450 3997 σκόπογ,
464 3912 612 3993 χρήσιμον,
623 3913 709 3984 τάξιν,
725 3911 884 3992 ἐπιγραφήν,
900 3909 1061 3989 συγγραφέα,
1074 3911 1214 3980 διασκευὴν

212 4000 271 4072 ἤτοι
300 4001 454 4076 οἰκονομίαν
475 4009 520 4062 τοῦ
541 4001 636 4081 λόγου,
662 4003 694 4074 ἣν
719 4002 764 4061 καὶ
787 3999 972 4060 διδασκαλικόν
996 4023 1082 4081 φαμεν
1105 3999 1210 4079 τρόπον.

213 4091 302 4165 thid„
317 4114 348 4170 p.
365 4095 413 4152 30.
