3098 5126
610 464 801 534 ..ῃ-ι

206 611 331 708 possit.
344 608 741 708 ebdcaloemopusouli
750 605 1049 708 erstntnppendir
1063 607 1205 680 desolis

206 719 359 792 incessu.
380 719 491 817 (Cod.
514 718 665 814 14658.)
947 771 951 778 ·

256 831 293 898 7⁰
305 829 469 926 Denique
488 827 603 901 codex
621 825 755 916 isset,
776 826 904 898 enutrio
923 851 960 897 vr
978 826 1036 898 vel
1056 848 1105 895 vn
1124 845 1205 894 exn-

208 950 330 1024 ratns,
358 937 520 1008 continet
546 935 750 1008 versionem
778 933 953 1006 librorum
986 937 1054 1022 vt,
1084 935 1147 1002 vlt
1173 945 1210 1002 st

208 1042 287 1116 Vltl
305 1043 645 1116 Medicamentum
658 1041 875 1140 sirnplieium
890 1042 1031 1130 Geloni,
1047 1063 1069 1113 a
1084 1055 1208 1113 nostro

208 1151 331 1247 Sergio
348 1150 561 1241 confectam,
580 1165 686 1246 atque
701 1149 893 1223 Theodoro
906 1147 1056 1246 epistola
1069 1146 1210 1246 praetiss

208 1257 375 1332 dientem.

258 1366 323 1440 His
335 1366 522 1466 operibus,
538 1387 696 1462 quorum
710 1365 811 1438 nulla
829 1387 980 1461 usquam
1002 1363 1139 1434 mentio
1153 1379 1212 1432 re-

208 1472 426 1570 periebatur,
439 1473 525 1546 eddi
536 1487 688 1572 possunt
698 1493 742 1546 ex
759 1470 984 1568 Abulsaragio
1000 1493 1063 1544 seu
1080 1468 1211 1542 unhe-

210 1579 307 1654 braeo
336 1581 418 1654 libri
452 1582 527 1654 duo
565 1603 658 1678 quos
689 1580 874 1678 subjunxit
909 1574 1052 1676 Sergius
1081 1597 1212 1674 magno

211 1677 431 1790 syntagmati
449 1693 590 1765 medico
606 1692 751 1789 triginta
766 1687 866 1764 libris
889 1691 1087 1779 constanti,
1112 1687 1214 1786 qu'o'd

212 1801 418 1898 composuit
429 1804 560 1887 Aaron
573 1793 1017 1874 Alexandrinusmedicus¹
1022 1797 1214 1899 ,qnodque

212 1907 390 2003 syriscum
413 1909 497 1981 tecit
518 1909 648 1980 Gosius
675 1905 959 1982 Alexandrinus&
984 1904 1215 1979 Wenricbins

213 2015 415 2111 suspicatur
431 2017 687 2115 Hippocratem
713 2037 899 2114 quoquea
922 2016 1045 2112 Sergio
1071 2011 1217 2088 transla-

214 2135 292 2194 tum
310 2127 426 2212 esse⁸3
449 2123 514 2196 sed
531 2122 569 2195 id
586 2124 738 2219 gratuito
752 2123 961 2220 suspicatur
966 2146 975 2190 ι
992 2122 1133 2194 videtur
1151 2142 1217 2192 eu-

215 2243 289 2300 tem
305 2230 474 2326 Sergius
464 2253 502 2301 ιιι
519 2229 658 2301 Gelono
674 2228 880 2306 substitisse

263 2335 428 2432 Denique
443 2335 566 2434 Sergio
579 2333 771 2407 tribuendo
783 2357 860 2411 esse
871 2335 981 2407 oredo
995 2335 1169 2432 opuscula
1182 2350 1219 2408 et

216 2441 466 2516 translationes
490 2467 570 2540 qnae
585 2457 797 2540 sequuntur,
816 2458 923 2540 atque
939 2439 975 2514 in
999 2441 1123 2517 oodioe
1139 2446 1218 2514 Mu·

215 2569 267 2620 set
256 2548 474 2626 Brrtonnror
487 2552 609 2625 14658
621 2550 849 2648 reponuntur
862 2570 1043 2647 anonyma
1054 2549 1215 2648 quidem,

216 2655 282 2730 sed
298 2657 409 2755 ipsius
421 2657 591 2756 operibus
606 2661 796 2758 permixte.

267 2765 507 2838 i⁰Tronslatio
517 2771 682 2864 Isagoges
692 2767 882 2865 Porphyrii
894 2765 941 2838 ad
950 2766 1217 2863 Chrysaorium,

217 2871 331 2946 hocce
346 2872 451 2945 titulo
472 2899 479 2944 ι
502 2879 600 2971 Opus
624 2877 763 2973 factum
784 2899 809 2945 a
823 2874 979 2973 quodam
987 2873 1217 2971 philosopho,

215 3003 327 3076 graeee
347 2979 481 3052 dr'ettcm
499 2986 685 3081 Εἰσαγωγή,
705 2982 802 3080 quod
817 2986 959 3080 syrim
977 2979 1139 3056 redditur
1160 2987 1221 3054 In·

221 3085 392 3156 traductio
419 3085 471 3157 ad
488 3087 703 3160 ἅοοῑνίιιιιιη.
727 3089 963 3187 Subsequitur
982 3089 1222 3184 fragmentum

220 3193 267 3268 de
291 3193 468 3268 divisione
497 3195 724 3284 substantiae,
747 3197 847 3294 quod
877 3195 1011 3268 Tabula
1027 3197 1225 3293 Porphyrii

221 3300 328 3398 vulgo
358 3299 500 3374 dieitur.
531 3305 660 3404 Incipit
687 3331 696 3376 ι
724 3304 967 3379 «Substantia
989 3305 1162 3378 dividitur
1184 3305 1221 3376 in

220 3433 353 3508 eorpus
369 3424 405 3480 et
421 3433 655 3510 non-corpus.
676 3417 816 3510 Corpus
838 3412 1009 3485 dividitur
1030 3414 1068 3484 in
1086 3414 1223 3487 animo·

222 3533 349 3594 tumet
366 3521 617 3612 inanimatum,
633 3536 699 3594 ete.
723 3551 741 3590 ιι

271 3633 308 3704 2⁰
332 3628 529 3702 translatio
566 3633 833 3728 Categnriarum
863 3629 1069 3702 Aristotelis.
1102 3628 1224 3701 Ambae
1343 3620 1350 3630 ¹

222 3738 404 3810 versiones
422 3739 496 3812 inae
515 3736 686 3808 differunt
701 3736 748 3809 ab
765 3737 807 3809 iis
823 3762 902 3835 quae
918 3737 965 3808 ab
982 3738 1173 3810 Athanasio
1190 3750 1225 3808 et

263 3895 273 3929 ¹
294 3897 429 3968 Dynast„
445 3915 475 3973 p,
493 3895 531 3953 99
545 3889 625 3968 (edit.
640 3893 792 3971 Pocoeke).

264 3984 276 4019 ¹
297 3984 396 4042 Cliton
413 4004 469 4058 syr.
475 4027 485 4055 ,
500 4003 530 4063 p.
549 3985 586 4042 59
601 3983 680 4058 (edit.
693 3987 808 4058 Bruns).

264 4072 275 4108 ⁸
294 4077 339 4131 De
352 4088 428 4135 auct.
441 4093 523 4153 graec.
540 4093 624 4146 vers,
637 4094 664 4151 p.
684 4077 732 4132 95.
