3098 5126
753 475 922 542 ...a-

338 625 508 719 Syrorum
535 635 649 693 tractu
677 635 797 693 ortum
832 604 1067 718 acceperunt3
1104 645 1225 719 graecae
1256 634 1339 690 sunt

338 730 467 804 scholae
485 731 707 827 Berytensis,
728 729 970 822 Antiochena3
992 754 1104 828 graeca
1120 745 1172 801 est
1189 729 1339 802 ecclesia

337 838 397 911 illa
412 863 491 937 quae
504 837 630 936 ignatii
640 837 861 937 Theophori,
873 841 889 909 J
894 837 1014 928 ustini,
1028 839 1178 927 Tatiani,
1192 838 1340 910 toannis

337 944 607 1042 Chrysostomi,
627 944 840 1042 Epiphanii,
859 959 895 1016 et
916 958 1166 1016 sexcentorum
1187 944 1341 1016 aliorum

336 1052 444 1125 laude
461 1052 594 1123 floruit.
608 1052 690 1123 Scio
717 1052 814 1123 viros
830 1053 1030 1124 rusticanos
1057 1067 1092 1124 et
1112 1052 1241 1124 idiotas
1267 1075 1342 1124 ara·

337 1162 452 1232 maice
468 1160 568 1257 loqui
585 1181 659 1230 non
678 1159 843 1247 desiisse,
864 1161 972 1230 etiam
987 1184 1028 1230 ea
1044 1173 1255 1256 tempestate
1270 1182 1341 1256 qua

337 1268 520 1341 hellenicae
537 1284 629 1340 artes
646 1269 799 1340 maxime
822 1270 859 1340 in
881 1267 948 1340 iliis
967 1269 1038 1338 oris
1058 1268 1251 1364 vigebant;
1267 1271 1341 1340 scio

337 1382 573 1464 Damascum,
604 1378 678 1448 scio
703 1381 875 1448 Beroeam
904 1391 1059 1473 utroque
1088 1399 1255 1448 sermone
1287 1401 1343 1448 so·

336 1486 455 1557 nuisse
466 1512 475 1574 3
489 1485 562 1555 scio
575 1485 612 1555 in
625 1483 768 1556 Galilaea
778 1500 815 1555 et
827 1483 1010 1556 Palaestina
1023 1508 1127 1555 usum
1140 1483 1342 1580 linguarum

337 1591 385 1662 ita
402 1593 648 1690 promiscuum
670 1591 776 1663 fuisse
794 1605 834 1662 ut
852 1590 980 1690 aequali
997 1589 1070 1663 fere
1085 1592 1160 1662 acie
1182 1607 1344 1690 pugnent

336 1699 403 1770 viri
427 1698 526 1770 docti
550 1698 773 1796 disputantes
803 1723 877 1798 quo
912 1723 1079 1772 sermone
1116 1698 1276 1771 Christus
1309 1715 1344 1771 et

338 1807 492 1906 apostoli
508 1807 661 1879 verbum
677 1807 966 1905 praedicaverint,
985 1832 1213 1904 quanquam,
1228 1823 1270 1878 ut
1287 1807 1342 1879 di·

337 1938 418 1987 cam
435 1912 534 2011 quod
549 1914 680 2002 sentio,
695 1915 758 2012 qui
772 1938 883 2012 graece
900 1914 1127 1986 contendunt
1140 1914 1228 1986 mihi
1245 1914 1344 1987 litem

338 2018 481 2094 vincere
492 2022 690 2094 videntur¹.
703 2027 746 2094 At
762 2048 843 2112 nos,
856 2023 919 2120 qui
933 2023 1004 2095 iata
1017 2022 1214 2095 litterarum
1231 2024 1345 2121 inqui-

336 2131 466 2218 rimus,
484 2128 573 2201 nihil
588 2127 764 2201 habemus
783 2130 883 2228 quod
910 2129 1092 2202 lucremur
1113 2131 1149 2201 in
1173 2130 1240 2202 hac
1262 2156 1344 2228 pro·

337 2235 466 2324 vincia,
481 2250 592 2333 utque
608 2238 781 2333 Syrorum
796 2239 952 2334 genuina
970 2237 1088 2310 studia
1105 2237 1342 2326 inveniamus,

339 2342 540 2441 Euphrates
556 2342 662 2414 nobis
677 2345 923 2440 trajiciendus.

388 2461 530 2532 Etenim
556 2474 654 2532 trans
681 2460 902 2559 Euphratem
929 2462 1038 2560 paulo
1060 2462 1202 2533 diversa
1224 2487 1345 2533 rerum

339 2569 430 2641 ratio
449 2567 545 2640 fuit'.
560 2571 720 2641 Graecam
734 2567 894 2665 linguam
910 2568 1005 2641 hanc
1023 2569 1209 2666 regionem
1221 2593 1345 2668 perva-

378 2801 387 2835 ¹
398 2800 529 2860 Palmare
541 2815 746 2881 argumentum
756 2802 841 2862 nobis
850 2815 894 2862 est
904 2823 1005 2862 omnes
1019 2814 1153 2862 auctores
1163 2802 1238 2862 Novi
1247 2805 1346 2861 Testa-

340 2891 430 2948 menti
452 2890 489 2948 ad
503 2909 595 2949 unum
615 2912 708 2970 graece
726 2893 884 2970 scripsisse.
905 2893 962 2966 Qui
979 2892 1146 2950 Matthaeum
1162 2889 1299 2968 ἑδραῖστί,
1315 2905 1347 2950 ut

339 2981 421 3039 aiunt
434 2979 479 3052 (id
495 2991 538 3038 est
554 2981 803 3056 syro-chaldaice)
820 2982 968 3058 scripsisse
986 2980 1105 3054 volunt,
1119 2981 1252 3058 quamvis
1270 2982 1347 3042 fama

224 3102 233 3130 ι
262 3073 274 3099 ”
339 3069 538 3151 vulgatissima
550 3069 690 3143 nitantur,
704 3088 764 3127 non
784 3069 932 3128 audiendi.
953 3074 1059 3129 Notata
1078 3070 1199 3150 dignum
1217 3073 1347 3131 Marcum

340 3163 434 3218 solum
452 3157 562 3218 referre
583 3159 709 3238 plurima
725 3160 817 3218 verba
838 3160 944 3220 Christi
964 3161 1075 3238 syriace
1090 3164 1131 3234 (v,
1147 3165 1183 3220 44
1189 3185 1198 3232 3
1214 3182 1276 3235 vn,
1291 3166 1345 3232 34;

340 3270 392 3323 xv,
407 3252 471 3324 34).
487 3247 639 3308 Matthaeus
649 3249 739 3308 semel
748 3250 778 3309 id
791 3250 858 3310 iacit
874 3255 980 3324 (xxvn,
996 3251 1051 3330 46)
1068 3254 1199 3310 Marcum
1212 3271 1344 3329 sequens.

341 3343 433 3399 Lucas
450 3351 478 3397 et
491 3343 615 3400 loannes
629 3340 748 3400 omnino
761 3341 849 3423 graeci
863 3353 941 3402 sunt.

380 3439 392 3474 ¹
411 3438 601 3498 auctoritates
615 3439 646 3498 in
659 3439 714 3498 hac
731 3439 889 3518 quaestione
902 3459 961 3518 qua
976 3441 1050 3500 solet
1063 3441 1211 3522 diligentia
1224 3461 1347 3522 conges-

342 3529 379 3589 sit
391 3530 592 3604 Quatremere,
607 3534 747 3588 Me'moire
759 3553 809 3589 sur
821 3536 862 3589 les
873 3531 1049 3602 Nabate'ens,
1064 3553 1093 3611 p.
1113 3535 1171 3592 132
1186 3545 1291 3610 etsqq.
1306 3567 1347 3578 -

342 3619 482 3679 Eamdem
496 3619 647 3679 materiam
660 3620 744 3679 docte
763 3621 854 3701 tetigit
878 3625 906 3678 J.
922 3621 1120 3693 Wichelhaus‚
1139 3621 1169 3679 in
1182 3622 1241 3680 suis
1253 3641 1348 3702 nuper

344 3707 426 3767 editis
453 3713 497 3768 De
521 3713 594 3766 Novi
618 3713 693 3768 Test.
721 3713 842 3768 versione
866 3731 924 3783 syr.
951 3719 1091 3786 antiqua,
1118 3709 1199 3768 libris
1221 3723 1348 3788 quatuor

343 3797 447 3872 (Halia,
465 3801 565 3872 1850),
577 3798 629 3860 lib.
644 3804 671 3869 1,
689 3819 753 3879 cap.
768 3821 813 3862 ur.
831 3833 870 3845 -
884 3801 927 3861 Cf.
944 3802 1029 3860 etiam
1044 3804 1173 3871 Cramer,
1188 3805 1233 3857 De
1244 3805 1348 3859 studiis

343 3908 404 3965 qua
428 3901 531 3946 veteres
549 3890 590 3944 ad
610 3891 732 3948 aliarum
751 3893 875 3968 gentium
889 3897 1055 3949 contulerint
1073 3892 1183 3968 lingitur
1198 3890 1346 3968 (Sundiae,

347 3979 450 4056 4844),
465 3997 529 4058 cap.
550 3997 581 4049 v,
601 3991 630 4036 et
644 3977 808 4053 Villemain,
827 3979 952 4039 Tableau
968 3985 1006 4039 de
1023 3985 1192 4057 t'e'loquence
1205 3983 1292 4041 claret.
1308 4001 1347 4037 au

345 4077 389 4124 rr·
399 4067 496 4139 siecle,
512 4087 542 4146 p.
560 4069 619 4126 444
635 4070 747 4142 (4849).
