3098 5126
616 475 811 544 ...39....

213 620 362 709 tiones¹,
392 635 425 692 et
452 619 666 708 lesubocht,
694 621 923 719 metropolita
950 619 1100 690 Persidis
1121 621 1212 689 circa

211 749 347 798 anuum
368 729 459 814 800,
487 728 550 825 qui
575 727 707 800 librum
732 728 872 825 scripsit
897 733 951 798 De
983 730 1151 798 universo
1178 739 1214 797 et

212 837 266 904 De
282 837 395 932 signis
409 837 534 906 uert's¹.

262 944 367 1016 Vides
395 959 530 1043 quanta
554 945 728 1017 industria
756 969 777 1016 a
804 944 1022 1017 Nestorianis
1054 942 1214 1014 excultus

211 1047 315 1123 fuerit
328 1053 547 1142 Aristoteles,
561 1053 697 1125 saeculis
709 1078 757 1124 vu
770 1068 807 1124 et
819 1075 895 1123 vm.
910 1051 1134 1122 lllirabuntur
1145 1050 1215 1121 lor·

210 1172 301 1232 tasse
324 1161 492 1232 nonnulli
509 1186 553 1233 ex
569 1174 670 1232 tanto
688 1159 811 1232 labore
827 1158 917 1232 nihil
938 1159 984 1230 ad
1004 1182 1072 1229 nos
1086 1183 1215 1255 perve-

210 1266 317 1356 nisse,
332 1267 420 1339 dum
430 1269 672 1342 Jacobitarum
682 1292 793 1365 opera
805 1268 927 1365 paucis
938 1267 1098 1364 quidem,
1110 1267 1214 1336 certis

211 1386 330 1445 tamen
348 1375 536 1448 codicibus
552 1377 794 1474 reperiuntur.
813 1377 917 1446 Secta
934 1398 1021 1446 vero
1035 1373 1212 1444 Nestoris·

209 1504 362 1574 uorum,
382 1507 462 1580 quae
478 1484 710 1555 remotiorem
727 1481 884 1568 Orientis
902 1497 1043 1581 partem
1060 1502 1215 1578 occupa·

208 1588 292 1678 hat,
311 1594 431 1664 minus
448 1608 535 1666 uota
551 1608 624 1682 est,
645 1616 712 1665 uec
730 1591 850 1664 forsan
870 1604 998 1664 omnes
1020 1615 1102 1664 suas
1122 1590 1213 1662 divi·

209 1698 277 1771 tias
296 1699 402 1772 nobis
420 1701 572 1800 aperuit.
593 1706 779 1789 Praeterea,
799 1701 830 1771 si
850 1700 1007 1772 fructum
1023 1698 1215 1795 diligentiae

209 1808 423 1880 nestorianae
444 1824 599 1906 spectes,
618 1809 717 1882 huuc
733 1809 888 1906 reperies
906 1806 1021 1879 multo
1039 1807 1214 1901 majorem

208 1911 314 1986 fuisse
330 1941 440 2011 quam
454 1917 710 1989 Jacobitarum.
729 1917 870 1988 Etenim
886 1940 907 1986 a
925 1914 1160 2003 Nestorianis,
1175 1927 1215 1983 ut

209 2043 294 2093 mox
311 2024 534 2115 ostendetur,
553 2026 730 2121 originem
746 2024 847 2094 ducit
862 2037 938 2094 tota
958 2020 1116 2094 Arabum
1132 2019 1214 2119 phi-

209 2127 394 2228 losophia3
411 2131 572 2227 dumque
583 2130 753 2202 Jacohitae
760 2130 924 2200 animum
934 2128 1041 2227 plane
1056 2129 1213 2226 despon-

209 2235 339 2308 derent
354 2236 422 2308 sub
440 2237 592 2335 imperio
608 2236 884 2322 Moslemorum,
915 2236 1116 2308 Nestoriani
1133 2259 1214 2307 ma·

210 2343 307 2438 gistri
322 2343 457 2416 fiebant
471 2367 621 2415 suorum
638 2343 880 2434 domitorum,
900 2342 1069 2440 illamque
1085 2344 1214 2414 seriem

210 2449 412 2522 studiorum
430 2450 640 2549 aperiebant
657 2475 737 2548 quae
761 2452 798 2523 in
818 2451 967 2522 historia
992 2450 1126 2546 ingenii
1151 2449 1215 2520 hu·

209 2559 308 2628 mani
323 2557 526 2631 enarranda
544 2572 685 2632 tantum
700 2559 822 2631 locum
834 2558 901 2631 sihi
913 2557 1082 2629 vindicat.
1099 2562 1214 2654 Atque

209 2663 258 2734 ita
275 2663 408 2736 factum
425 2679 464 2736 ut
484 2667 778 2740 Nestorianorum
801 2690 913 2762 opera
929 2663 1143 2737 aristotelica
1159 2686 1214 2760 sy·

210 2770 303 2842 riace
320 2773 470 2869 scripta,
490 2796 603 2868 quum
620 2797 693 2870 prae
710 2773 858 2846 arabicis
884 2773 1111 2854 vilescerent,
1141 2772 1213 2843 fere

204 2890 286 2950 tota
304 2880 488 2975 perierint.

575 3137 576 3142 ‘
667 3177 752 3253 vu.

318 3370 362 3421 De
370 3349 472 3422 'indole
484 3369 639 3422 studiorum
653 3369 901 3442 peripateticorum
914 3371 994 3442 apud
1009 3372 1102 3442 Syros.

259 3547 309 3614 Ex
323 3544 378 3614 his
391 3569 469 3642 quae
481 3545 673 3643 supradixi
685 3545 769 3616 satis
781 3561 929 3642 apparet
943 3544 1211 3643 philosophiam

209 3657 381 3750 Syrorum
398 3666 510 3723 totam
524 3653 561 3723 in
576 3651 760 3724 Aristotele
778 3651 989 3740 substitisse,
1011 3655 1107 3750 ipsos
1124 3677 1211 3723 vero

210 3787 250 3833 ex
270 3760 464 3832 Aristotelis
488 3761 781 3858 encyclio-paedia
798 3761 915 3832 solum
933 3764 1105 3856 Organon
1130 3784 1211 3858 per-

249 3967 258 3999 ¹
281 3971 405 4039 Assem,
421 3979 442 4024 t.
458 3970 512 4038 111,
528 3983 594 4044 pars
609 3971 634 4037 l,
651 3987 679 4043 p.
699 3966 834 4028 tut-luo
848 3978 876 4025 et
889 3978 948 4024 not.

249 4065 260 4098 ¹
280 4062 369 4135 thid,
384 4085 414 4144 p.
432 4069 563 4125 tut-tuo
578 4079 606 4124 et
619 4079 681 4124 not.
