3098 5126
600 513 794 579 ..49-

198 677 305 760 atque
335 661 534 734 recorderis
556 657 807 755 justitiae'ejns.
839 685 856 720 ο
885 657 1047 751 Denique
1073 653 1198 727 codice

199 772 403 843 Britannico
418 771 491 865 jam
508 781 709 839 memorato
725 765 853 860 legitur
870 763 1031 860 dialogus
1041 762 1199 861 platoni-

197 901 273 969 eus,
297 892 393 949 certe
417 876 662 975 apocryphus,
692 873 924 968 ejusdemque
946 871 1066 942 farinae
1091 887 1199 968 atque

198 987 360 1082 Eryxias,
380 984 578 1074 Axiochus,
599 998 685 1072 etc„
709 1005 783 1078 quo
800 983 963 1052 Socrates
981 978 1201 1075 colloquitur

197 1117 280 1166 oum
299 1093 476 1192 discipulo
493 1105 676 1189 corrupte,
700 1104 739 1160 nt
754 1103 860 1186 put0,
880 1087 1069 1158 nominato
1087 1091 1201 1156 Eros-

199 1199 475 1296 trophosflujus
484 1201 603 1296 operis
613 1221 723 1292 graece
731 1195 914 1292 vestigium
926 1193 1067 1264 nullum
1077 1217 1202 1291 super-

197 1321 267 1397 est3
285 1307 349 1380 scd
363 1306 533 1378 credibile
547 1320 600 1376 est
612 1303 701 1374 illud
711 1325 787 1373 non
804 1325 881 1374 esse
892 1300 1073 1372 diversum
1085 1326 1107 1374 a
1122 1301 1203 1374 dia--
1249 1343 1250 1346 π

197 1413 281 1512 logo
293 1415 352 1486 cui
362 1414 487 1486 titulus
500 1410 608 1483 Μίδων
627 1413 646 1489 ἢ
672 1408 869 1507 ’ἱπποτρόφος
886 1432 948 1479 seu
968 1405 1196 1507 ‘lucocrpdpoq

197 1523 259 1619 qul
273 1546 294 1594 a
308 1523 470 1618 Diogene
486 1520 626 1592 Laertio
639 1520 732 1589 inter
742 1522 985 1614 ὁμολογουμένως
997 1521 1201 1613 νοθουομένοος

196 1632 413 1728 reponitnr¹,
437 1643 545 1725 atque
570 1627 717 1726 periisse
738 1623 962 1696 credebatur.
987 1625 1075 1694 Rem
1092 1623 1139 1695 ad
1155 1623 1200 1695 li·

199 1737 353 1834 quidum
366 1737 606 1809 deducturum
625 1733 709 1805 alibi
728 1757 787 1804 me
801 1731 986 1830 promitto.

243 1856 442 1926 Gnomioos
458 1856 566 1926 etiam
585 1851 781 1924 nonnullos
803 1875 845 1921 ac
866 1849 1020 1922 morales
1037 1863 1200 1920 auctores
1308 1871 1310 1878 ·

197 1965 275 2059 Syri
294 1962 490 2036 vertendos
507 1963 775 2059 sumpseruut²,
804 1974 844 2030 ut
860 1983 903 2029 ex
919 1958 1050 2029 eodem
1075 1957 1201 2029 codiee

156 2084 160 2092 '
199 2071 318 2142 truse
337 2071 449 2143 Musei
467 2069 661 2139 Britannici
678 2081 831 2138 constat.
855 2069 1102 2160 Quemquam
1120 2065 1201 2136 vol-

198 2202 339 2268 verem,
367 2201 443 2246 non
479 2177 555 2245 sine
592 2173 723 2270 gaudio
753 2172 870 2270 reperi
902 2197 910 2238 ε
947 2175 982 2241 l⁰
1013 2173 1199 2242 Mausuom

238 2388 246 2420 ¹
270 2390 340 2444 Vita
350 2388 438 2464 psit,
454 2386 505 2445 lib.
521 2390 579 2457 III,
594 2405 658 2466 cap.
674 2405 777 2446 mvn
791 2389 837 2462 (p.
851 2386 890 2442 82
904 2382 972 2442 edit.
990 2382 1098 2455 Didot).

237 2484 248 2517 ¹
266 2488 436 2556 Poetarum,
460 2498 625 2556 oratorum,
645 2483 827 2560 aliorumque
843 2481 932 2556 hujus
948 2481 1062 2560 generis
1080 2481 1202 2560 scripto·

197 2592 263 2631 rum
280 2572 332 2651 qui
353 2573 432 2652 apud
445 2576 561 2634 Graecos
579 2575 758 2646 floruerunt,
772 2573 870 2632 nullus
886 2571 1002 2630 videtur
1015 2571 1095 2648 Syris
1115 2571 1200 2630 inno-

197 2665 301 2741 tuisse,
326 2665 457 2744 adeoque
479 2665 626 2724 diversum
644 2676 707 2723 erat
723 2663 875 2738 utriusque
892 2662 984 2741 gentis
1004 2661 1144 2735 judicium
1169 2663 1200 2722 iu

197 2753 285 2814 rebus
298 2755 336 2814 ad
349 2755 458 2814 litteras
470 2751 680 2832 pertinentibus
694 2765 726 2810 ut
739 2751 878 2811 affirmari
891 2751 980 2828 possit
988 2764 1017 2809 et
1029 2751 1198 2823 Pindarum,

197 2856 226 2902 et
236 2843 420 2922 Sophoclem,
428 2855 457 2902 et
469 2841 706 2912 Demosthenem,
714 2852 743 2898 et
750 2851 892 2918 quotquot
902 2838 989 2904 habet
1000 2841 1110 2902 Graecia
1121 2842 1198 2902 cele-

197 2933 339 3004 berrimos
349 2933 428 2992 viros
440 2933 573 3012 ingenio,
587 2931 666 3010 apud
675 2935 762 3008 Syros
771 2930 795 2988 si
804 2929 914 3010 vulgati
924 2943 1029 3002 essent,
1040 2951 1147 3009 parurn
1156 2933 1200 2990 fs·

197 3026 276 3084 voris
284 3024 435 3084 habituros
446 3023 544 3084 fuisse.
557 3027 640 3082 Unus
649 3028 793 3082 Homerus
801 3023 907 3082 dicitur
916 3023 1027 3100 syriace
1037 3023 1125 3082 luisse
1134 3043 1198 3084 ver·

198 3135 256 3174 sus.
265 3114 482 3192 Scribitnempe
491 3113 697 3192 Abullaragius
708 3113 739 3171 in
748 3116 875 3172 Historia
885 3118 1089 3187 Dyaastr'arrrm
1099 3113 1199 3191 (idque

197 3204 290 3264 tribus
297 3204 368 3264 locis
377 3204 491 3282 repetit,
498 3205 670 3284 paginis26‚
679 3207 729 3276 40,
740 3208 809 3277 148,
818 3205 887 3264 edit.
897 3205 1090 3279 Pocookianae)
1103 3206 1197 3265 Theo-

197 3295 309 3373 philum
316 3294 687 3367 Edessenum,maronitam
696 3308 725 3354 et
733 3297 1000 3373 astronomum,qui
1008 3315 1085 3354 auno
1094 3297 1199 3358 Christi

199 3388 257 3444 785
270 3383 353 3455 obiit,
368 3385 399 3442 iu
410 3383 553 3461 syriacum
566 3388 636 3442 duos
650 3384 735 3442 libros
747 3384 918 3463 (liubayni)
931 3388 1049 3444 Homeri
1065 3388 1101 3442 de
1115 3393 1196 3443 ecci-

198 3477 246 3532 dr'o
271 3479 323 3534 Ilr'r'
345 3475 479 3547 vertisse,
511 3475 655 3552 hujusque
676 3476 869 3537 translationis
892 3475 1069 3553 exemplaria
1097 3475 1199 3536 haberi

199 3565 277 3642 apud
294 3569 393 3644 Syros.
412 3569 477 3623 Jam
495 3566 560 3642 Syri
585 3566 760 3625 recentiores
782 3567 877 3626 ferunt
897 3565 1090 3644 Theophilum
1108 3585 1195 3624 exco-

200 3654 304 3732 gitasse
329 3655 445 3714 vocales
474 3656 600 3733 syriacas
631 3676 695 3734 quae
717 3647 862 3720 vocalium
896 3665 1054 3735 graecarum
1075 3655 1197 3735 figuram

199 3743 354 3819 affectant,
368 3746 456 3820 hujus
471 3745 612 3804 versionis
628 3745 734 3805 rectius
752 3745 965 3806 conscribendae
983 3745 1091 3825 gratia,
1111 3747 1198 3806 uimi-

199 3851 266 3892 rum
278 3847 310 3896 ut
322 3854 408 3894 voces
422 3834 564 3914 ambiguae
576 3848 606 3894 et
617 3835 737 3896 uomina
751 3835 870 3915 propria
887 3835 946 3914 legi
962 3848 991 3894 et
1003 3835 1104 3894 efferri
1115 3855 1198 3894 corn-

199 3923 314 3984 modius
327 3924 445 4003 possent
457 3930 597 4000 (Assem,
612 3925 688 3984 Bibl.
704 3929 802 3984 orient.
810 3969 820 3996 ,1
833 3938 855 3982 t.
871 3930 901 3994 1,
923 3947 952 4004 p.
971 3929 1049 4001 sat).
1066 3931 1109 3986 De
1126 3925 1198 3985 locis

199 4031 272 4074 vero
293 4016 458 4074 memoratis
479 4015 659 4093 Abollaragii
680 4016 711 4074 in
731 4015 861 4074 diversas
880 4028 976 4093 partes
994 4015 1127 4074 abierunt
1142 4015 1201 4076 riri

200 4106 287 4168 docti.
303 4105 463 4166 Toderinus
480 4110 674 4180 (serratarum
696 4109 852 4176 tarclesca,
868 4108 1111 4176 venezia,1787,
1133 4122 1153 4166 t.
1169 4115 1200 4184 1,

1026 4199 1050 4268 d
