3098 5126
766 482 809 494 „..
838 443 958 514 53...

362 583 540 659 versiones
572 587 720 661 Joannis
750 584 1000 662 Ibem-Batrik
1033 611 1178 661 sensum
1205 589 1359 662 auctoris

359 692 494 789 optime
511 692 664 782 referre,
694 717 860 769 sermone
891 708 1011 769 autern
1035 694 1139 770 valde
1166 697 1359 792 ineleganti

334 869 337 876 .
359 823 435 870 esse
452 801 705 898 conscriptas¹.

405 919 476 992 Sed
494 920 693 1017 praecipuus
710 935 835 992 auctor
853 921 1058 994 versionum
1075 923 1269 996 Aristotelis
1281 950 1358 996 ara-

356 1024 519 1100 bicarum
544 1027 609 1099 suit
640 1029 824 1102 Honeinus
855 1028 1065 1118 1bnlshak,
1093 1032 1192 1130 apud
1213 1035 1358 1106 [asinos

356 1133 607 1226 Johannitius,
634 1139 880 1226 nestorianus,
911 1139 975 1236 qni
1002 1138 1070 1210 sub
1097 1141 1359 1214 Motewakkelo

356 1240 496 1332 floruit,
516 1243 676 1340 obiitque
698 1265 797 1316 anno
823 1245 909 1317 876.
925 1285 926 1290 =
942 1245 1010 1316 Hie
1024 1260 1125 1343 patre
1145 1246 1358 1344 pharmaco-

356 1341 439 1444 pola
455 1364 556 1421 ortus
572 1351 608 1421 in
624 1352 766 1423 civitate
782 1352 887 1442 Hira,
902 1352 1196 1428 Groeoiamaetate
1208 1355 1358 1450 juvenili
1455 1403 1457 1407 -

356 1455 460 1545 adiit,
478 1457 541 1528 ubi
558 1457 652 1530 duos
668 1481 785 1532 annos
802 1474 1067 1545 commoratus,
1085 1460 1215 1558 linguae
1238 1487 1358 1559 grsecae
1453 1547 1456 1558 .

355 1565 519 1662 peritiam
530 1566 718 1662 acquisivit
732 1593 740 1636 :
757 1565 842 1638 dein
855 1565 1064 1664 Bagdadnm
1075 1577 1250 1659 reversus,
1264 1571 1357 1642 mul-

354 1672 561 1746 inscientiae
577 1671 684 1746 laude
699 1673 843 1764 floruit,
859 1676 1099 1774 princepsque
1119 1679 1358 1777 interpretum

355 1778 570 1853 saetas-est¹.
587 1781 688 1853 Vires
699 1779 848 1878 quidem
865 1784 971 1854 nnius
984 1783 1143 1862 hominis
1162 1811 1235 1858 non
1252 1786 1358 1860 suffe·

353 1887 485 1960 cissent
502 1888 550 1960 ad
573 1887 781 1962 scribendas
798 1891 982 1962 versiones
1000 1915 1080 1988 quae
1097 1893 1206 1990 ipsius
1221 1917 1357 1964 nomen

352 1994 483 2066 ferunt.
514 1999 650 2068 Revera
675 1998 862 2068 Honeinus
892 1999 1110 2100 praepositus
1131 2000 1196 2070 fuit
1226 1997 1357 2074 schole

353 2125 490 2198 magnae
516 2102 766 2200 interpretum,
791 2129 947 2202 qnorum
972 2106 1196 2192 oeleberrimi
1214 2107 1357 2178 fuerunt

353 2205 458 2278 lehak
478 2207 549 2280 ben
568 2211 724 2299 nonen,
739 2209 833 2282 filius
848 2211 938 2306 ejus,
961 2227 997 2283 et
1013 2212 1351 2305 Hoheishelnsam,

352 2316 567 2412 neposejus.
580 2315 826 2415 Abnlsaregius
842 2317 1094 2392 animadvertit
1114 2321 1264 2394 sortunae
1285 2325 1355 2392 Ho-

352 2423 450 2494 naini
472 2439 611 2518 partem
631 2425 739 2497 fuisse
763 2425 865 2523 quod
880 2427 1052 2500 Hoheishi
1076 2429 1181 2502 labor
1204 2431 1272 2529 ipsi
1296 2431 1356 2500 tri*

351 2527 461 2600 butus
483 2529 610 2622 fuerit;
638 2555 753 2628 quum
777 2534 875 2606 onim
898 2533 1031 2608 librarii
1056 2535 1194 2606 indooti
1219 2557 1356 2607 nomen

351 2635 522 2710 Hoheishi
536 2640 754 2731 invenirent,
772 2641 942 2714 mendam
959 2641 1147 2739 putabant,
1166 2667 1207 2714 ae
1225 2641 1357 2714 seribe-

351 2743 441 2816 bant
458 2748 682 2838 Honeinum,
712 2749 797 2848 ipsis
826 2750 1021 2822 notiorem.
1054 2753 1136 2822 fleo
1160 2773 1269 2822 causa
1291 2750 1358 2824 fuit

351 2876 416 2925 eur
433 2857 557 2926 omnia
580 2881 691 2954 opera
719 2857 826 2954 hujus
853 2857 985 2930 sohoiae
1018 2857 1085 2932 sub
1117 2859 1272 2930 Honeini
1292 2883 1358 2929 uo-

352 2962 450 3032 mina
482 2963 680 3034 coaluerint
692 2967 713 3032 ³.
745 2969 858 3036 Porro
888 2977 1006 3038 totum
1040 2987 1171 3062 corpus
1203 2967 1357 3038 scientia

352 3095 471 3164 graeeae
502 3087 538 3142 et
566 3070 802 3170 philosophiae
827 3070 1038 3158 aristotelea
1066 3096 1110 3142 ex
1141 3071 1209 3144 hae
1234 3072 1357 3144 schola

351 3181 502 3278 prodiit,
543 3197 620 3252 tum
658 3182 794 3279 syriane
823 3195 901 3251 tum
925 3179 1067 3253 arabice
1098 3207 1255 3254 versum.
1291 3184 1356 3254 Vix

351 3286 465 3359 ullum
478 3315 569 3388 opus
583 3290 778 3363 Aristotelis
792 3289 933 3386 reperio
943 3289 1044 3386 quod
1054 3315 1128 3361 non
1144 3315 1237 3362 unus
1248 3289 1356 3362 exhis

391 3490 399 3522 '
421 3494 512 3563 Dyra,
527 3511 557 3568 p.
575 3493 724 3564 rsa-tsi,
738 3493 805 3552 163.

390 3588 401 3623 ⁸
420 3589 568 3666 videndus
590 3591 814 3674 Abulfaragius,
841 3593 892 3670 qui
915 3591 951 3650 de
976 3613 1012 3651 eo
1027 3592 1161 3674 copiosus
1183 3603 1242 3662 est,
1258 3595 1354 3664 Dyr„

351 3699 381 3758 p.
404 3682 612 3740 171474-
636 3683 736 3740 Cliton.
759 3703 817 3756 syr.
825 3725 836 3754 ,
861 3702 891 3760 p.
918 3686 1064 3742 trs-tit.
1089 3718 1130 3728 -
1150 3682 1192 3740 Cf.
1215 3681 1353 3754 Brucker,

351 3769 426 3826 Hz'st.
443 3778 506 3828 erit.
518 3773 609 3848 part,
624 3784 645 3832 t.
656 3773 712 3842 ΠΙ,
726 3792 755 3849 p.
769 3773 819 3840 28,
833 3791 895 3848 sqq.
910 3805 950 3816 —-
959 3777 1074 3846 Encycl.
1087 3771 1176 3830 Ersch
1189 3783 1218 3829 et
1227 3769 1353 3842 Grnbm,

351 3870 406 3916 art.
421 3863 534 3917 Honein
547 3864 635 3935 (auct.
652 3861 770 3941 Fluegel
779 3867 799 3932 ).
1116 3937 1120 3947 ³

391 3957 402 3992 ³
421 3959 575 4032 Wenrich,
592 3982 621 4039 p.
643 3964 692 4030 17,
709 3964 759 4030 30,
775 3981 838 4039 sqq.
855 3997 896 4007 -
910 3963 1044 4043 Fluegel‚
1061 3984 1089 4040 p.
1108 3967 1158 4032 17,
1180 3967 1228 4024 ts.
1246 3997 1285 4010 --
1299 3967 1354 4025 As-

351 4051 460 4108 semani
479 4049 555 4114 athe.
574 4057 688 4124 orient,
704 4063 724 4110 t.
741 4055 781 4128 11,
798 4072 828 4130 p.
846 4055 916 4126 ata,
930 4066 991 4114 not.
