3098 5126
602 485 798 554 ...59-

201 626 394 705 triumviris
406 627 444 707 in
457 629 820 725 utramquelinguam
837 633 992 706 verterit.
1014 639 1065 718 Ac
1079 649 1205 732 preter

201 735 442 824 Aristotelem,
460 738 823 836 peripateticaopera
840 763 848 807 ι
867 739 1003 812 Nicolai
1018 744 1204 815 Summam

194 841 426 940 philosophas
449 847 709 941 peripatetica,
747 871 856 943 quam
886 872 928 926 sse
958 847 1125 921 manibus
1148 864 1205 923 te·

199 951 319 1022 nuisse
328 951 377 1020 ait
393 949 666 1048 Abulfaragius¹,
689 953 878 1026 Alexandri
896 955 1201 1052 Aphrodisiensis‚

200 1056 346 1162 Galeni,
366 1056 574 1156 Porphyrii,
596 1057 797 1147 Themistii,
824 1062 1006 1135 Ammonii
1021 1087 1206 1134 commen-

201 1166 313 1248 tarios
326 1165 363 1235 iu
377 1165 614 1238 An’etotelem.

247 1273 460 1347 Versionum
490 1273 715 1348 arabicarum
747 1276 904 1350 Honeiui
935 1275 1119 1350 nonnullae
1151 1301 1207 1348 su·

198 1396 367 1478 pemunt3
388 1407 430 1456 ac
452 1382 570 1454 versio
593 1385 863 1481 categoriarum
884 1383 1025 1483 abipso
1043 1384 1206 1482 proiecta

199 1487 335 1585 prodiit
343 1489 481 1586 Lipsiae,
492 1513 589 1561 anno
602 1492 711 1579 1816,
724 1515 809 1565 cura
822 1492 892 1572 Jul.
905 1491 1202 1564 Theod.·Zenker.

197 1599 415 1670 versionum
431 1611 551 1673 autem
567 1599 789 1694 syriacamm
818 1598 926 1695 hujus
949 1597 1082 1674 scholae
1107 1599 1207 1676 nulla

198 1716 338 1776 aetatem
352 1703 446 1776 tulit.
461 1708 563 1778 Errat
572 1706 779 1802 gravissime
790 1705 949 1780 Evodius
960 1711 1203 1797 Assemanus',

198 1808 287 1882 dum
319 1811 442 1886 scribit
470 1813 507 1884 in
535 1812 722 1886 codicibus
744 1807 898 1912 'syriacis
921 1814 1102 1892 Mediceis
1118 1815 1202 1902 176,

200 1921 474 2010 transtra,
492 1921 618 1996 baberi
636 1936 749 1994 totam
769 1924 933 2020 Logr'cam
955 1919 1150 1994 Aristotelis
1161 1945 1207 1992 ex

198 2031 363 2116 versione
380 2033 556 2120 Honeini;
576 2031 650 2102 vidi
663 2032 806 2104 codices
819 2033 910 2104 meis
920 2029 1047 2116 oculis,
1061 2031 1208 2125 agnovi·

198 2158 286 2230 que,
297 2157 299 2163 ·
310 2136 412 2232 quod
428 2137 587 2233 oprimis
604 2135 766 2211 versibus
784 2137 937 2233 perspici
954 2151 1107 2232 poterat,
1137 2136 1206 2208 bos

198 2241 343 2318 codices
354 2242 540 2318 continere
551 2257 691 2340 partem
708 2243 868 2341 priorem
876 2245 1009 2337 Buryri
1021 2245 1206 2338 sapientie

199 2344 528 2438 Barhebtaei,i1ihil
551 2374 638 2421 vem
672 2350 886 2440 Aristotelis,
917 2350 1007 2423 nihil
1034 2351 1201 2422 Honeini.

198 2456 457 2545 Wenrichius⁸,
485 2457 664 2530 Evodium
696 2473 865 2555 secutus,
893 2472 1031 2530 temere
1059 2457 1206 2552 conjicit

198 2564 360 2638 codicem
393 2565 573 2660 syriacum
612 2568 906 2644 Escoriaiieusem
942 2567 1037 2640 652·
1077 2561 1205 2640 eadem

198 2672 402 2763 continere,
422 2670 470 2744 de
487 2695 563 2769 quo
579 2673 734 2746 Casirius
752 2675 803 2745 ita
814 2697 924 2772 parce
940 2671 1083 2744 locutus
1096 2685 1149 2744 ost
1166 2687 1206 2748 ut

198 2797 274 2850 nou
291 2777 434 2850 videam
456 2780 536 2875 quis
555 2780 602 2850 sit
622 2794 749 2852 auctor
772 2781 979 2854 versionum
995 2801 1075 2874 quae
1097 2779 1136 2848 in
1159 2803 1204 2850 eo

197 2883 390 2958 habentur.
408 2889 539 2958 Errore
555 2885 625 2958 alio
643 2877 802 2960 Evodius
816 2891 1049 2974 assemanus,
1064 2909 1106 2956 ac
1122 2900 1206 2982 post

198 3015 283 3064 eum
301 2989 532 3066 Wenricbius
547 3008 709 3068 asserunt
733 2993 878 3070 codices
900 2991 1080 3064 Mediceos
1097 2993 1205 3088 syria·

198 3123 261 3172 cos
279 3101 456 3193 183-181,
475 3117 511 3175 et
529 3103 600 3176 196
613 3103 800 3176 continere
814 3104 1020 3199 Cetegorius
1034 3103 1202 3190 Houeini,

198 3231 312 3304 quum
328 3207 367 3280 bi
379 3209 523 3282 codices
539 3224 665 3284 nostro
685 3211 748 3284 161
770 3225 806 3282 et
819 3210 994 3282 Vaticano
1013 3209 1085 3278 158
1102 3207 1202 3278 simi-

197 3315 271 3406 les,
295 3314 489 3390 exhibeant
514 3319 698 3391 versiones
726 3317 910 3392 Athanasii
933 3315 1138 3388 Baladensis
1169 3330 1205 3387 et

198 3423 322 3496 Jacobi
340 3424 530 3516 Edesscni,
556 3441 596 3496 ut
622 3449 732 3523 supra
757 3425 895 3500 dictum
916 3439 981 3498 est.
1007 3421 1203 3512 Quomodo

198 3546 324 3607 auctor
348 3531 501 3628 catalogi
530 3532 712 3607 florentini
740 3533 874 3607 audeat
900 3531 1059 3604 scribere
1086 3555 1123 3602 se
1153 3533 1204 3601 vi-

199 3638 292 3710 disse
307 3663 349 3711 ao
362 3638 487 3736 legisse
503 3664 581 3736 quae
592 3639 642 3711 ibi
655 3661 808 3739 prorsus
825 3663 900 3711 non
915 3653 1016 3728 sunt,
1033 3638 1092 3709 ille
1106 3637 1203 3709 solus

904 3769 921 3798 s

238 3814 247 3847 ¹
268 3816 359 3884 Dynz,
374 3831 402 3890 p.
421 3815 472 3872 88.
489 3846 527 3856 —
541 3813 584 3872 cf.
600 3820 728 3886 Assem,
746 3825 766 3873 t.
783 3815 842 3885 111,
857 3825 931 3890 part.
950 3818 981 3886 1,
997 3833 1027 3891 p.
1048 3813 1124 3881 161,
1139 3823 1199 3869 not.

237 3901 248 3934 ¹
267 3903 653 3962 earat.0odd.oiaem.tib1.
670 3907 746 3962 med.
762 3908 884 3962 laurent.
901 3923 929 3981 p.
948 3904 1095 3964 sss-323.

238 3989 249 4026 ⁸
268 3993 322 4070 Op.
340 3991 403 4062 cit,
418 4014 448 4072 p.
467 3996 536 4054 128.

238 4082 248 4116 ⁸
268 4085 300 4138 V.
317 4081 406 4141 Casiri
426 4083 500 4142 Brbt.
517 4084 598 4142 arab.
614 4085 701 4158 hisp,
719 4097 736 4142 t.
753 4089 783 4154 1,
800 4105 828 4160 p.
848 4087 916 4144 195.
