3098 5126
740 473 940 538 ...10-

340 625 447 708 atque
464 636 674 688 communes
691 615 792 686 omni
808 613 1024 686 humanitati
1040 615 1174 712 ingenii
1192 616 1340 686 virtutes

341 731 377 788 et
391 743 413 792 a
429 735 556 794 natura
572 723 749 820 acceperit
766 737 801 793 et
813 723 851 792 in
870 723 944 794 suis
959 719 1127 819 operibus
1147 721 1340 819 descriptas

341 825 523 918 exhibeat,
542 831 712 902 omnibus
730 829 895 928 gentibus
911 855 988 904 esse
1008 831 1337 904 accommodatum.

342 934 441 1006 Plato
469 938 623 1010 nimium
650 963 786 1036 graecus
817 953 888 1028 est,
927 938 1162 1038 barbarisque
1200 937 1341 1037 placere

340 1065 415 1114 non
429 1061 598 1142 poterant
615 1047 714 1118 istius
726 1045 908 1118 scribendi
926 1047 1065 1142 generis
1079 1045 1233 1144 lepores.
1247 1045 1340 1116 hris-

340 1150 468 1224 toteles
485 1168 613 1225 contra
635 1153 822 1227 hominem
846 1155 959 1249 magis
980 1179 1052 1252 prae
1079 1154 1213 1226 se=sert
1232 1176 1341 1250 quam

341 1281 496 1354 graecum
517 1263 646 1334 civem.
666 1266 907 1360 Quocumque
930 1267 1103 1360 Orgauon
1130 1258 1220 1332 illud
1243 1259 1342 1332 dela·

341 1381 419 1439 tum
434 1368 558 1460 bresit,
577 1371 651 1442 sive
677 1370 725 1442 ad
747 1371 866 1461 Sinas,
894 1371 969 1442 sive
987 1370 1034 1442 ad
1050 1371 1177 1458 ludos,
1199 1369 1272 1440 sive
1295 1367 1343 1440 ad

341 1473 546 1573 AEtbiopas,
565 1478 735 1550 omuibus
751 1478 809 1550 lex
822 1479 956 1575 ingenii
968 1477 1119 1550 humani
1134 1476 1339 1566 habebitur,

201 1602 229 1677 ’ἱ
341 1607 416 1655 non
446 1609 547 1657 secus
580 1603 689 1684 atque
718 1588 906 1658 Elementa
936 1588 1093 1660 Euclidis
1123 1611 1251 1660 omnes
1280 1585 1344 1682 qui

339 1691 578 1765 intellexerint
587 1693 661 1766 fide
671 1695 944 1794 amplectentur.
959 1694 1059 1768 Adde
1066 1695 1168 1793 quod
1179 1697 1345 1766 Aristote-

340 1800 391 1871 les
411 1803 660 1874 auctoritatem
682 1818 718 1875 et
734 1804 885 1898 gloriam
906 1829 1007 1875 suum
1025 1804 1205 1903 praecipue
1220 1799 1345 1897 logiam

340 1904 476 1993 debuit,
489 1933 569 2006 quae
580 1909 672 1981 solet
684 1934 761 1982 esse
774 1913 881 1983 unica
889 1910 1119 2009 philosophia
1133 1911 1266 2008 ingenii
1278 1909 1345 1980 hu·

340 2017 439 2088 mani
460 2018 690 2090 senescentis.
713 2023 810 2089 luter
830 2033 950 2116 partes
966 2019 1064 2091 enim
1082 2017 1341 2116 philosophie,

250 2136 254 2146 “
341 2122 472 2218 logica,
491 2126 687 2224 profligatis
704 2126 907 2200 litterarum
931 2126 1058 2217 rebus,
1079 2127 1206 2199 ultima
1220 2149 1344 2222 super·

341 2255 430 2320 esse,
450 2248 574 2329 atque,
594 2235 723 2307 animis
746 2259 868 2307 rursus
895 2234 1213 2324 incalescentibus,
1228 2233 1343 2332 prima

340 2341 480 2412 renasci
518 2341 621 2413 solet.
655 2347 886 2441 Quapropter
911 2343 970 2414 ille
995 2342 1157 2414 barbaris
1182 2363 1345 2413 summo-

340 2467 426 2544 pere
448 2462 615 2546 acceptus
627 2472 703 2520 non
720 2471 888 2521 essenon
914 2462 1076 2546 poterat,
1097 2448 1213 2544 quise
1232 2460 1345 2516 artem

340 2551 436 2628 hanc
453 2557 609 2653 primam
621 2556 757 2629 dooere
774 2554 1024 2655 profitebatur.

814 2844 869 2920 ΙΙ.

188 3086 194 3099 .
230 3106 237 3120 ·
341 3039 502 3095 Aristotcles
521 3059 539 3093 a
559 3039 737 3095 Neston'anis
759 3039 801 3092 ad
819 3041 903 3110 Syros
925 3039 1046 3092 delatus.
1070 3068 1110 3080 --
1133 3035 1232 3094 Schola
1250 3038 1347 3111 prisca

762 3129 918 3184 Edessena.

390 3304 469 3398 Syri
494 3325 569 3374 nou
596 3301 765 3374 videntur
780 3299 893 3372 ullam
909 3322 1033 3372 carram
1054 3300 1273 3398 impendisse
1289 3300 1346 3371 lit·

342 3411 427 3482 teris
444 3410 627 3508 profanis,
648 3425 843 3506 antequam
856 3409 1152 3484 Nestorianorum
1165 3408 1349 3507 opinioni-

341 3518 410 3592 bus
451 3518 713 3590 imbuerentur.
751 3519 942 3615 Scripturas
984 3541 1092 3589 sacrae
1131 3521 1348 3612 Patrumque

343 3626 512 3726 operibus
544 3642 662 3699 totum
696 3643 836 3724 tempus
864 3627 900 3696 in
936 3624 1067 3696 scholis
1102 3624 1345 3719 erogabatur:

343 3734 568 3835 Ephraemus,
595 3735 704 3806 decus
734 3737 908 3830 Syrorum
931 3733 1038 3828 hujus
1059 3734 1187 3816 aetatis,
1215 3731 1346 3802 littera·

311 3913 313 3917 Α
343 3869 424 3914 rum
464 3867 660 3940 graecarum
694 3842 846 3915 omnino
880 3841 980 3912 rudis
1009 3841 1085 3912 fuit.
1121 3844 1256 3912 Verum
1287 3839 1349 3910 ubi

259 3985 266 4001 ·
344 3952 508 4024 doctrina
527 3953 680 4024 Nestorii
697 3951 847 4024 invaluit
864 3951 900 4021 in
919 3951 1043 4022 schola
1062 3951 1255 4038 Edessena,
1276 3963 1349 4020 tota

343 4059 532 4158 disciplina
556 4060 739 4132 llellenicae
767 4064 926 4156 ἐγκυκλίου
949 4058 1095 4140 παιδείας
1124 4058 1228 4129 simul
1252 4072 1348 4128 trans
