3098 5126
775 493 1011 569 ...θῇς-..ι

371 644 548 742 Fluegelio
567 657 730 717 accurate
743 643 921 742 descripta
940 643 1052 726 luere.
1073 647 1247 718 Omittere
1257 663 1377 720 tamen

372 775 448 822 non
467 753 582 834 debeo
608 751 871 848 Abulfaragium
890 752 1054 824 Benattib
1070 754 1203 850 (quem
1230 779 1317 827 eave
1332 781 1378 828 ne

372 859 541 930 eumdem
557 875 659 958 putes
679 885 762 931 cum
781 859 1007 956 hbullaragio
1027 861 1279 958 Barhebraeo),
1300 889 1377 940 mo·

373 966 528 1039 nachum
556 969 819 1057 nestorianum,
856 990 953 1040 anno
977 971 1072 1043 tulit
1090 985 1288 1059 mortuum,
1316 976 1379 1069 qui

372 1075 609 1173 philosophiae
632 1076 871 1174 peripateticae
896 1100 1044 1175 operam
1070 1075 1186 1167 dedit,
1216 1095 1252 1150 et
1284 1081 1378 1152 Aris-

371 1181 518 1254 totelem
537 1181 582 1254 de
606 1205 704 1254 novo
733 1183 947 1255 vertendum
967 1187 1132 1283 sumpsit.
1164 1186 1230 1257 lbn
1251 1187 1376 1261 Botlan

368 1289 538 1384 jacobita,
557 1289 754 1388 discipulus
767 1293 863 1387 ejus,
890 1305 997 1388 atque
1013 1294 1088 1389 ipse
1102 1295 1374 1392 peripateticus,
1441 1345 1454 1358 -

372 1399 494 1471 scribit
512 1424 596 1471 eum
614 1401 738 1497 viginti
762 1423 877 1473 annos
894 1400 1113 1499 explicandis
1129 1404 1378 1504 Metaphysicis

372 1509 656 1606 consumpsisse,
685 1531 726 1580 ae
754 1533 828 1608 prae
855 1510 967 1580 nimio
996 1509 1039 1580 iis
1066 1511 1233 1609 impenso
1260 1515 1378 1588 studio

372 1615 542 1687 morbum
559 1618 795 1707 contraxisse,
818 1643 892 1714 quo
913 1619 1089 1690 extinctus
1105 1635 1159 1692 est
1173 1625 1194 1690 ¹.

423 1723 530 1796 Vides
541 1739 718 1821 quantum
732 1728 953 1798 commercio
970 1729 1144 1822 Syrorum
1160 1751 1243 1799 cum
1258 1732 1379 1803 Arabi-

359 1832 440 1903 'bus
468 1846 605 1912 mutata
637 1831 742 1908 luerit
777 1833 883 1904 facies
905 1833 1143 1932 philosophiae
1172 1849 1249 1906 tum
1280 1838 1379 1936 apud

372 1943 480 2036 Syros
506 1939 617 2036 ipsos,
642 1955 720 2010 tum
738 1939 836 2036 apud
852 1941 1064 2014 Orientales.
1095 1941 1287 2037 Syricnim
1314 1945 1378 2040 qui

372 2047 546 2122 hactenns
564 2046 655 2118 nihil
671 2046 770 2119 aliud
797 2049 867 2118 nisi
893 2053 1064 2146 Organou
1080 2049 1190 2146 idque
1215 2049 1379 2124 decurta-

372 2170 449 2226 tum
465 2167 656 2243 noverant,
674 2155 784 2226 totius
806 2156 1046 2254 peripateticae
1065 2157 1261 2256 disciplinae
1279 2179 1376 2226 nunc

372 2275 559 2360 compotes
572 2260 676 2335 finnt.
694 2265 766 2335 Nec
778 2263 815 2332 in
830 2263 1068 2362 interpretum
1083 2289 1233 2337 munere
1244 2264 1375 2336 substi-

371 2384 508 2458 terunt3
526 2369 705 2466 ipsienim
722 2369 831 2466 primi
843 2369 966 2466 lingua
977 2371 1120 2442 arabica
1132 2373 1275 2471 pbiloso
1300 2371 1379 2446 bari

371 2493 578 2575 ccepenmt,
603 2479 845 2575 saeculumque
871 2501 993 2558 unum,
1009 2494 1045 2549 et
1072 2482 1225 2576 amplius
1244 2397 1380 2552 elluxit

372 2599 566 2680 antequam
591 2583 722 2655 Arabes
745 2585 813 2682 ipsi
837 2583 913 2655 haec
938 2583 1055 2656 studia
1077 2597 1224 2681 tangere
1249 2609 1315 2682 per
1340 2611 1379 2658 se

372 2705 567 2766 tentarunt.
592 2692 671 2786 Syri
692 2705 776 2763 sunt
802 2693 899 2764 enim
922 2691 1143 2781 Alkindius',
1173 2697 1284 2764 Kosta
1306 2692 1378 2768 ben

341 2807 351 2817 '
373 2803 481 2887 buca,
494 2797 733 2898 philosophice
742 2800 892 2874 arabicae
907 2802 1084 2899 pn‘maevae
1097 2799 1203 2872 oculi.
1224 2803 1332 2898 Syros
1344 2816 1380 2873 et

372 2908 586 2978 christianos
613 2907 774 2978 medicos
800 2907 993 2979 audierunt
1015 2906 1212 2980 Alfarabius
1239 2923 1275 2979 et
1301 2909 1379 2981 Avi-

372 3035 506 3101 cenna3
544 3013 700 3108 denique
717 3014 953 3112 pronuntiare
977 3011 1060 3084 lieet
1084 3029 1196 3086 totam
1221 3015 1380 3114 philoso-

372 3120 495 3219 phiam
512 3117 727 3192 arabicama
748 3121 844 3217 Syris
869 3135 906 3191 et
933 3119 1135 3192 christianis
1158 3122 1372 3196 inchoasset
1473 3133 1477 3136 ’

413 3354 423 3388 ¹
443 3351 541 3410 Abull.
558 3358 650 3426 Dyra,
666 3373 696 3431 p.
713 3353 837 3412 ata-34.
855 3383 894 3397 -
913 3353 1015 3410 Chion.
1038 3367 1157 3432 syr.,·p.
1179 3356 1249 3413 hil.
1271 3387 1309 3400 -
1323 3360 1378 3413 As-

330 3502 333 3506 .
373 3445 483 3504 semani
503 3443 579 3500 Bibl.
596 3450 712 3515 ortena,
728 3455 749 3500 t.
769 3446 813 3512 ΙΙ,
835 3463 865 3521 p.
888 3445 963 3515 3093
984 3455 1006 3499 t.
1029 3447 1089 3514 111,
1105 3456 1180 3521 part.
1197 3449 1228 3514 1,
1244 3465 1274 3522 p.
1296 3447 1375 3516 265,

372 3537 626 3608 not.,271,not.,
642 3535 712 3604 544,
728 3551 792 3610 sqq.
810 3565 850 3612 .··
864 3533 1019 3604 Wenrich,
1036 3553 1066 3610 p.
1084 3535 1153 3592 137.

414 3635 424 3668 ¹
443 3637 486 3692 De
499 3632 641 3713 religione
656 3631 784 3690 Alkindii
796 3631 882 3692 valde
897 3629 1055 3690 dubitatur.
1070 3631 1115 3689 Cf.
1133 3631 1169 3690 de
1183 3633 1268 3710 Sacy,
1288 3637 1378 3689 ltela-

374 3727 431 3782 τίω
444 3727 481 3780 de
493 3713 627 3800 l'E'gypte
640 3719 844 3796 d'Abdallattf,
861 3743 890 3800 p.
905 3725 976 3792 487,
992 3717 1055 3798 stjq.

413 3825 424 3860 ³
444 3823 564 3884 Buhlius
577 3824 721 3904 (Prolegg.
736 3823 773 3881 ad
781 3822 850 3880 edit.
866 3824 941 3901 Opp.
954 3821 1056 3894 Arist,
1069 3833 1089 3877 t.
1106 3824 1132 3890 Ι,
1146 3841 1176 3899 p.
1189 3823 1258 3898 317)
1269 3803 1377 3880 Judais

373 3915 455 3976 inhio
468 3907 570 3972 studiis
583 3926 695 3992 partem
709 3912 828 3982 tribuit,
843 3912 925 3970 nullo
941 3911 1023 3985 jure,
1036 3909 1272 3988 qandoquidem
1284 3916 1302 3969 J
1303 3909 1377 3970 udaei

372 4003 585 4083 philosophiam
599 4020 720 4084 graecam
735 4003 831 4061 colere
845 4019 904 4073 non
918 4013 1083 4081 coeperunt,
1099 4000 1154 4060 nisi
1168 4015 1233 4080 post
1246 3999 1375 4066 Arabum

374 4108 504 4174 vestigia.
