3098 5126
683 671 730 726 Dll

208 891 659 1083 runosornn
711 899 1209 1046 rnarrtmuu
1362 977 1364 982 ι

579 1228 689 1297 APUD
717 1228 845 1295 stttos

331 1467 733 1559 condemnato
770 1469 1089 1560 HlS'l'OlllCA.

444 1803 976 1819 m

576 2065 849 2144 PROLOGUS.

266 2310 392 2404 Operae
408 2305 562 2402 pretium
579 2301 665 2373 duxi
687 2325 731 2372 ex
748 2301 876 2373 ordine
893 2302 1026 2374 referre
1048 2302 1116 2373 fata
1136 2302 1217 2400 pbi-

217 2412 388 2510 losopbiae
412 2410 650 2508 peripateticae
673 2409 770 2507 apud
792 2412 919 2505 Syros,
943 2407 1075 2505 quibus
1098 2409 1219 2480 locum

217 2520 366 2591 materia
390 2518 539 2614 dignum
570 2516 733 2615 plerique
770 2541 898 2588 eorum
933 2517 996 2613 qui
1033 2515 1219 2588 historiam

216 2625 452 2725 philosophiae
481 2624 710 2696 scribendam
737 2639 995 2724 sumpserunt,
1024 2649 1090 2696 suo
1124 2639 1220 2694 certe

216 2732 357 2804 silentio
384 2731 579 2826 denegasse
592 2730 692 2802 ¹mihi
713 2730 895 2803 videntur.
924 2736 1045 2803 Tenue
1073 2731 1221 2828 quidem

218 2853 485 2934 argumentum,
503 2840 533 2910 si
548 2840 585 2908 in
600 2839 718 2934 seipso
735 2853 934 2934 spectetur3
953 2839 1018 2910 sed
1031 2863 1106 2909 non
1122 2864 1221 2936 sper-

217 2945 395 3035 nendum,
418 2945 447 3016 si
463 2945 501 3014 in
518 2943 668 3016 historia
679 2945 813 3042 ingenii
822 2945 972 3016 humani
984 2944 1218 3042 expendatur.

219 3052 297 3148 Syri
320 3052 418 3124 enim
445 3052 597 3148 gradum
622 3076 737 3123 unum
766 3051 933 3124 obtinent
962 3055 998 3124 in
1031 3052 1092 3124 illa
1114 3052 1223 3126 tradi·

219 3159 318 3230 tione
334 3157 506 3231 doetrinae
522 3185 601 3256 quae
619 3159 666 3231 ad
683 3183 750 3230 nos
763 3185 875 3256 usque
884 3161 1133 3232 auctoritatem
1143 3159 1222 3258 phi·

219 3265 392 3365 losopbiae
406 3268 559 3364 antiquae
576 3267 716 3339 detulit.
738 3267 870 3339 Arabas
887 3269 1055 3365 equidem
1080 3271 1117 3339 in
1141 3267 1222 3366 phi·

221 3372 385 3474 losophia
403 3373 493 3446 nihil
513 3375 643 3448 vidisse
668 3376 737 3446 nisi
756 3400 822 3473 per
844 3379 953 3474 Syros
973 3376 1223 3448 demonstrare
1369 3429 1372 3438 ,

222 3482 403 3573 conabor3
418 3484 499 3580 quis
511 3499 630 3556 autem
640 3483 784 3581 negabit
792 3484 1061 3583 philosophiam
1067 3483 1223 3556 Arabum

222 3613 299 3662 rem
320 3593 451 3662 summi
469 3593 645 3663 momenti
670 3591 798 3681 fuisse,
825 3616 1064 3690 magnamque
1084 3606 1223 3688 partem

222 3695 290 3768 sibi
305 3696 387 3793 jure
411 3697 595 3769 vindicare
617 3699 655 3768 in
677 3697 840 3794 augenda
861 3714 969 3796 atque
991 3698 1223 3797 propaganda

222 3802 457 3902 philosophiae
480 3803 691 3905 disciplina?

273 3909 399 4006 Jejuna
414 3911 533 3984 sorsan
553 3910 771 3984 videbuntur
787 3911 907 3985 multis
929 3909 1121 3986 lectoribus
1146 3931 1226 4008 quar
1327 3930 1334 3943 ·

224 4013 285 4088 hic
299 4036 568 4116 proponuntur.
583 4026 626 4092 At
640 4021 870 4094 meminerint
882 4020 1003 4094 locum
1019 4021 1118 4091 hunc
1130 4036 1227 4093 ante·

1054 4135 1068 4202 l
