3098 5126
694 469 942 540 '-26-

344 615 566 705 Britannico,
582 630 689 713 etque
701 615 893 688 Theodoro
910 619 1019 688 ceteri
1032 617 1106 688 iere
1120 639 1247 688 omnes
1263 615 1345 687 libri

344 722 456 817 Sergii
484 724 582 795 missi
608 725 701 811 sint,
727 724 825 796 hunc
847 717 972 795 itidem
997 723 1044 796 ad
1070 725 1231 821 Sergium
1256 723 1346 794 nihii

344 829 512 902 dubitans
529 831 658 904 refero.
676 837 845 903 Nostrum
862 855 948 904 sane
963 843 1152 904 tractatum
1169 831 1346 928 Ebedjesu

343 939 382 1009 in
400 951 522 1010 mente
538 938 714 1029 habebat,
733 961 846 1036 quum
858 939 1012 1029 diceret,
1031 940 1069 1010 in
1083 963 1150 1011 suo
1164 940 1344 1034 catalogo,

345 1043 508 1139 Sergium
536 1047 783 1144 composuisse
806 1049 1109 1118 Comnwutarium
1127 1049 1166 1117 in
1187 1047 1346 1118 dialecti·

344 1156 451 1222 cam¹.
472 1155 684 1252 Continetur
700 1153 825 1228 codiee
835 1155 980 1246 44668,
1001 1153 1131 1226 saecuio
1146 1177 1184 1225 v1
1201 1154 1257 1225 vei
1272 1177 1345 1243 vn,

346 1274 387 1331 ut
401 1259 556 1350 videtur,
575 1276 733 1335 exarato.

395 1380 432 1452 2⁰
450 1374 555 1450 Liber
571 1383 758 1452 Decursis
775 1383 931 1452 universi
942 1380 1055 1476 Juxta
1075 1396 1227 1450 utentem
1244 1383 1348 1451 Aris·

347 1485 475 1575 rotelli,
494 1511 563 1584 quo
577 1486 842 1558 demonstratur
859 1489 1060 1558 um'versum
1075 1485 1247 1556 circulum
1262 1489 1348 1584 effi·

346 1616 438 1663 cere.
458 1593 513 1666 Ad
529 1593 761 1668 Theodorum
777 1597 904 1667 missus
923 1611 989 1685 est,
1005 1594 1207 1692 eodemque
1223 1593 1350 1666 codice

346 1701 563 1774 continetur.

397 1821 434 1894 3⁰
449 1819 574 1892 Versio
587 1817 669 1892 iibri
679 1827 751 1919 Περὶ
767 1825 879 1917 κόσμου
888 1826 959 1917 πρὸς
976 1817 1121 1902 Ἀλέξανδ
1123 1850 1182 1916 ρον,
1197 1819 1265 1890 sub
1279 1815 1351 1891 hoc

330 1926 450 2000 titulo
478 1956 486 1998 :
515 1929 677 2025 Epistola
704 1925 910 2001 Aristotelis
933 1925 985 1997 ud
1009 1925 1278 2020 Alexandrum,
1307 1927 1351 1996 de

347 2033 546 2108 clementie.
566 2038 750 2110 Praemissa
772 2052 826 2110 est
842 2035 991 2138 epistola
1008 2050 1044 2108 et
1059 2035 1282 2134 nuncupatio
1303 2035 1350 2106 ad

347 2143 591 2218 Theodorum.
613 2146 753 2219 Eodem
770 2146 909 2219 codice.

397 2263 435 2334 4⁰
451 2262 677 2361 Opuscuium
702 2270 759 2334 De
780 2257 930 2363 genere,
954 2268 1071 2361 specie
1098 2279 1136 2334 et
1160 2259 1345 2348 individuo,

348 2369 456 2466 capiti
474 2371 634 2443 secundo
653 2373 816 2469 isagoges
842 2371 1095 2470 porphyrianae
1112 2370 1348 2468 respondem.

349 2477 488 2548 Eodem
504 2478 642 2550 codice.
972 2573 975 2578 .

400 2599 436 2666 5⁰
451 2595 620 2665 Scholion
630 2592 759 2665 docens
769 2591 859 2692 quid
867 2596 917 2664 sit
925 2605 1047 2690 σχῆμα.
1068 2590 1201 2663 Codice
1215 2593 1350 2680 14666,

350 2701 469 2773 saeculi
479 2724 516 2772 rx
531 2702 587 2774 vei
599 2727 640 2804 r.

399 2817 436 2888 6⁰
453 2807 695 2916 Opusculum,
715 2818 907 2891 Theodoro
927 2830 1192 2915 nuncupatum,
1220 2820 1274 2884 De
1290 2813 1354 2911 ju·
1411 2805 1413 2811 ’

350 2923 451 2994 dicits
467 2951 544 3022 quae
558 2915 707 2996 suriunt
725 2923 898 3022 astrologi
919 2951 965 2993 ex
986 2923 1078 2994 lume
1100 2921 1355 3018 stellarumque

352 3031 511 3102 motibus.
529 3034 690 3131 Eprimis
702 3033 805 3103 lineis
818 3047 967 3130 apparet
979 3031 1050 3102 hoc
1065 3056 1157 3128 opus
1171 3031 1352 3127 epitomen
1376 3041 1378 3052 '

352 3160 428 3210 esse
444 3138 525 3210 iibri
538 3141 632 3212 tertii
645 3135 772 3212 Galeni
788 3143 862 3236 ssepi
871 3143 1021 3236 κρισίμων
1037 3147 1171 3235 ἡμερῶν.
1189 3137 1247 3210 Sic
1257 3137 1352 3209 enim

351 3245 477 3343 incipit
495 3277 503 3317 :
527 3247 989 3348 «Postquam-exposuimus
1005 3245 1139 3318 librum
1160 3247 1303 3318 tertium
1320 3260 1355 3316 et

353 3351 519 3424 ultimum
543 3357 663 3456 operis
679 3361 734 3427 De
754 3355 875 3428 diebus
888 3350 1036 3444 trium,
1059 3379 1082 3426 ο
1105 3354 1212 3426 frater
1234 3369 1355 3426 noster

351 3459 554 3550 Theodore‚
573 3464 746 3559 quoniam
764 3463 885 3536 vidisti
911 3461 1159 3536 difficultatem
1184 3461 1356 3532 doctrinae

352 3592 463 3665 quam
481 3583 607 3641 auctor
626 3572 791 3669 exposuit
813 3573 850 3644 in
869 3571 940 3644 hoc
957 3571 1065 3658 libro,
1088 3569 1221 3666 rogasti
1238 3593 1297 3639 me
1317 3583 1357 3638 ut

352 3675 548 3751 scriberem
565 3678 628 3749 tibi
644 3679 692 3752 de
704 3679 844 3751 theoria
857 3704 966 3778 quam
983 3681 1019 3752 in
1034 3678 1104 3750 hac
1120 3677 1268 3748 materia
1286 3679 1357 3746 Ge-

353 3784 457 3856 leuus
483 3786 671 3884 profitetur
694 3813 804 3887 quum
822 3788 1068 3861 brevissimam
1093 3800 1221 3884 potero
1239 3784 1354 3882 epito-

356 3918 460 3984 men,
484 3919 526 3963 ex
541 3919 612 3990 qua
624 3897 776 3993 quisque
795 3895 947 3991 legendo
967 3896 1153 3968 utilitatem
1172 3895 1355 3993 percipere

396 4071 405 4104 ¹
426 4071 551 4139 Assem„
569 4082 589 4126 t.
606 4073 661 4142 111,
676 4091 743 4148 pars
756 4075 782 4143 1,
797 4090 827 4147 p.
844 4074 893 4130 87.
