3098 5126
606 493 840 564 -17-.

203 637 296 730 ipsas
304 636 447 706 nonnisi
459 659 601 706 summo
610 635 720 732 digito
733 637 935 731 tetigerunt.
951 642 989 706 In
1000 635 1124 708 codice
1134 640 1147 706 1
1157 638 1198 710 61

205 745 390 815 parisiensi
417 744 506 840 (lul.
535 746 557 815 8
584 745 664 838 v.),
695 743 953 841 codicibusque
976 744 1143 818 Mediceis
1170 761 1206 817 et

204 852 385 922 Vaticanis
405 853 468 948 qui
494 851 579 922 huic
598 851 731 922 similes
750 867 852 941 sunt,
873 851 1036 923 scholion
1062 852 1204 950 legitur,

202 960 259 1030 his
276 959 349 1030 lere
369 959 488 1032 verbis
509 988 516 1030 :
534 959 779 1056 «Philosophi
804 983 938 1032 nornen
960 961 1098 1033 ducunt
1113 961 1208 1032 vela

204 1069 390 1164 magistr0‚
412 1083 452 1139 ut
472 1067 697 1164 Pythagorici
726 1091 747 1138 a
777 1067 1003 1163 Pythagora,
1033 1068 1091 1138 vel
1111 1093 1132 1140 a
1152 1093 1208 1139 re·

205 1175 333 1272 gione,
359 1187 399 1248 ut
414 1177 574 1272 Cyrenaei
590 1200 611 1246 a
637 1179 795 1268 Cyrene3
814 1175 871 1248 vel
885 1199 907 1246 a
923 1176 1022 1263 loco,
1038 1185 1078 1246 ut
1100 1177 1209 1248 Stoici

204 1299 225 1353 a'
238 1285 335 1371 Stoa,
356 1298 390 1355 et
405 1283 607 1356 Academici
619 1282 665 1353 ab
680 1283 870 1354 Academia
888 1281 948 1377 (hi
960 1298 1044 1353 sunt
1062 1282 1208 1355 edomo

209 1391 408 1487 Platonis);
433 1391 492 1463 vel
508 1415 529 1462 a
547 1389 727 1480 moribus,
758 1405 798 1461 ut
822 1391 964 1487 Cynici,
997 1413 1128 1487 nempe
1154 1415 1212 1463 ca·

206 1523 290 1586 nes3
309 1499 365 1570 vel
386 1500 630 1598 aproposit0,
650 1515 690 1570 ut
715 1497 878 1586 ἡδονικοῦ,
903 1499 966 1594 qui
988 1495 1212 1596 voluptatem

207 1622 350 1702 ponunt
364 1633 440 1679 esse
457 1631 641 1678 summum
652 1607 809 1697 bonum3
826 1607 882 1678 rel
894 1605 941 1678 ab
955 1607 1158 1696 accidente,
1173 1621 1212 1678 ut

208 1715 432 1811 Peripatetici
449 1714 503 1811 (hi
520 1731 605 1786 sunt
621 1739 641 1786 e
657 1715 768 1786 domo
787 1713 1011 1810 Aristotelis),
1032 1714 1078 1786 ab
1088 1715 1213 1787 ambu-

208 1821 317 1896 lando
335 1826 462 1895 vocati.
483 1827 620 1896 Omnes
646 1823 686 1894 hi
711 1822 919 1921 philosophi
941 1837 1024 1894 sunt
1052 1823 1098 1893 ab
1115 1838 1214 1894 extra

209 1930 247 2026 (i.
270 1955 301 2000 e.
329 1934 475 2030 pagani,
504 1937 532 2003 οἱ
561 1930 622 2014 ἔξω
641 1931 823 2028 φιλόσοφοι).
840 1959 858 1998 u
888 1929 1006 2002 Habes
1029 1933 1214 2030 synopsim

208 2038 365 2109 historiae
380 2038 639 2136 philosophicae
655 2039 755 2134 juxta
768 2042 947 2134 Syrorum
966 2054 1138 2110 mentem.

258 2154 362 2226 Solus
390 2154 490 2225 Plato
517 2155 554 2223 in
581 2155 754 2250 Syrorum
772 2154 946 2249 opinione
967 2155 1212 2245 Aristotelem,

211 2261 275 2332 sed
285 2263 396 2357 longo
410 2259 613 2352 intervallo,
631 2260 843 2357 insequitur.
865 2264 1098 2331 assemanus¹
1113 2277 1215 2334 testa-

211 2381 270 2438 tur
284 2367 472 2440 Platonem
492 2369 630 2466 syriace
654 2391 799 2438 versum
823 2366 943 2438 luisse.
970 2371 1013 2437 At
1031 2392 1144 2465 quum
1161 2371 1217 2441 vir

208 2474 341 2547 'doctus
357 2501 432 2548 non
451 2475 547 2548 dicat
563 2499 636 2574 qua
655 2475 867 2546 auctoritate
885 2475 995 2548 lretus
1011 2476 1049 2548 id
1066 2477 1214 2568 scribat,

211 2607 278 2654 nec
296 2581 360 2653 ubi
373 2583 501 2655 viderit
522 2583 618 2656 hanc
639 2581 933 2671 translationem,
961 2609 1028 2654 nec
1051 2585 1114 2684 qui
1136 2585 1218 2657 libri

213 2691 390 2780 translati,
408 2716 475 2763 nec
492 2716 513 2763 a
531 2717 604 2788 quo
618 2689 801 2780 translati,
820 2689 856 2762 ln
868 2691 940 2763 hoc
956 2689 1006 2762 illi
1022 2690 1121 2764 nulla
1130 2693 1219 2766 fides

212 2814 302 2870 esto.
336 2803 418 2871 Haec
444 2799 592 2896 quidem
622 2798 866 2895 Abullaragius
895 2827 903 2870 :
942 2831 959 2864 (ι
988 2804 1220 2873 Enumeravit

212 2906 335 2978 Theon
356 2904 613 2979 Alexandrinus
630 2911 773 2977 XXXIII
791 2905 904 2978 libros
926 2931 947 2978 a
970 2907 1118 2979 Platone
1133 2933 1220 2981 con·

214 3016 386 3113 scriptos,
406 3015 573 3113 equibus
586 3015 649 3110 qui
670 3038 769 3085 nunc
785 3028 927 3086 exstant
949 3017 1032 3086 sunt
1049 3015 1217 3107 Phaedon,

219 3124 381 3211 Timaeus,
391 3121 482 3194 liber
497 3121 540 3192 de
553 3121 711 3221 Legibus,
725 3121 933 3219 Respublica
941 3113 964 3192 ⁵.
982 3150 999 3190 u
1012 3121 1083 3194 Sed
1095 3122 1155 3195 hio
1165 3127 1221 3221 agi

213 3228 357 3300 videtur
375 3229 421 3300 de
439 3229 664 3301 versionibus
681 3230 831 3301 arabicis
849 3254 924 3302 non
944 3230 1103 3326 syriacis.
1133 3234 1221 3319 Quae

215 3331 283 3408 sub
299 3336 448 3409 nomine
468 3336 625 3409 Platonis
641 3336 810 3433 leguntur
824 3337 861 3407 in
878 3337 1097 3412 membranis
1114 3341 1222 3435 syria-

216 3443 266 3515 cis
298 3459 395 3515 certe
424 3443 631 3542 apocrypha
660 3459 755 3515 sunt.
795 3446 852 3514 Sic
880 3446 917 3516 in
950 3445 1076 3518 codice
1108 3451 1222 3520 Musei

218 3552 409 3646 Britannici
430 3553 564 3638 11658,
590 3553 821 3624 continentur
847 3552 914 3624 sub
941 3554 1051 3652 ipsius
1073 3557 1221 3627 nomine

218 3649 423 3755 aenigmata,
455 3683 495 3730 ex
524 3657 626 3756 ’Ὅροις
651 3685 712 3732 seu
743 3653 1021 3734 Definitionibus
1047 3688 1127 3758 quae
1152 3664 1221 3762 ipsi

259 3888 267 3920 ¹
288 3888 331 3947 CI.
348 3887 460 3958 Abulf,
476 3893 567 3962 Dyn„
584 3910 613 3967 p.
631 3893 679 3947 50.

259 3987 270 4020 ¹
289 3987 366 4045 niet.
382 3997 496 4060 ortena,
513 4003 533 4047 t.
550 3993 593 4061 II,
610 4010 640 4068 p.
659 3992 728 4048 315.
744 4023 785 4036 -
797 3989 949 4064 Wenrieh,
964 4011 996 4068 p.
1012 3994 1080 4048 tlt.

260 4089 270 4124 ³
290 4094 380 4161 Dyra,
396 4111 425 4168 p.
444 4092 491 4148 56.
939 4101 942 4114 ¹
