3098 5126
479 493 484 500 .
603 469 812 540 „,5„„

204 611 383 687 simillima
396 613 561 685 videtur.
576 617 734 710 Quoquo
747 613 858 684 modo
875 612 918 684 lis
933 637 975 686 ea
988 614 1199 704 resolvatur,

204 735 343 792 eertum
361 735 414 792 est
437 721 598 816 Sergium
615 721 868 798 Resaiuensem
893 721 991 819 apud
1017 723 1202 818 Syrosin·

206 841 404 926 terpretom
420 827 577 926 palmam
592 828 728 918 tulisse,
745 827 949 924 famamque
964 843 1109 900 nactum
1127 853 1203 900 esse

205 935 463 1035 percelebrem.
486 940 615 1008 «Inter
639 935 948 1034 praestantissimos
972 937 1132 1008 medicos
1144 939 1205 1032 Sy·

202 1067 344 1133 rorum,
366 1044 415 1115 ait
435 1042 694 1133 Barbebraeus',
717 1043 782 1115 fuit
798 1043 940 1138 Sergius
959 1045 1201 1133 Resainensis,

202 1151 265 1247 qui
288 1153 446 1247 prtinus³
478 1151 590 1224 libros
617 1149 889 1249 philosophicos
920 1165 956 1222 et
992 1151 1151 1222 medicos
1183 1175 1203 1222 e

203 1256 325 1353 lingua
343 1283 455 1354 graeca
474 1260 512 1330 iu
533 1259 707 1356 syriacam
724 1258 912 1330 convertit.
931 1289 948 1322 r
970 1260 1096 1329 Narrat
1113 1281 1205 1354 prae-

203 1381 299 1438 terea
317 1365 565 1455 Barbebraeus,
594 1391 707 1464 quum
731 1367 916 1438 Honeinus
939 1364 1032 1437 filius
1059 1365 1205 1437 Isaacie
1292 1434 1299 1451 ,

202 1475 337 1545 Graecia
351 1474 399 1545 ad
420 1473 623 1546 Gabrielem
640 1471 755 1544 lilium
771 1471 961 1568 Bocbtjesu
978 1472 1122 1561 rediret,
1139 1475 1206 1544 Ga-

201 1583 351 1658 brielem
366 1584 550 1682 explorata
574 1584 716 1680 juvenis
748 1581 931 1673 doctrina,
961 1582 1201 1656 exclamasse:

205 1721 223 1758 u
239 1693 276 1762 Si
291 1690 375 1762 huic
387 1692 512 1787 juveni
534 1697 632 1763 Deus
648 1692 756 1762 vitam
774 1689 919 1786 longam
937 1715 1013 1762 esse
1029 1691 1201 1780 ¹voluerit,

202 1797 423 1872 oblitterabit
438 1798 651 1871 memoriam
668 1799 781 1896 Sergii
804 1795 1054 1870 Resainensist
1072 1827 1090 1865 u
1103 1800 1205 1895 quasi

202 1905 292 1976 nibil
309 1907 423 2003 majus
440 1907 512 1978 dici
531 1922 593 1979 aut
611 1906 698 2003 fingi
715 1920 847 2005 posset.

250 2026 339 2109 Quae
353 2049 467 2122 quum
493 2025 543 2095 ita
567 2026 655 2114 sint,
680 2026 764 2097 satis
792 2024 914 2095 mirari
931 2048 1072 2120 nequeo
1095 2049 1205 2122 opera

203 2131 314 2227 Sergii
342 2131 379 2202 in
402 2131 587 2204 codicibus
609 2133 754 2228 syriacis
780 2133 843 2228 qui
875 2145 1015 2201 aetatem
1050 2129 1207 2203 tulerunt

203 2239 382 2310 rarissime
416 2240 597 2328 inveniri,
639 2255 747 2336 atque
781 2238 828 2309 ad
866 2253 1026 2310 nostram
1066 2253 1204 2310 atatem

204 2345 326 2438 ignota
344 2347 595 2442 permansisse.
614 2347 666 2419 Ea
683 2361 806 2418 autem
822 2346 899 2444 ipse
916 2345 1033 2442 reperi
1056 2345 1092 2417 in
1111 2345 1206 2417 codi-

203 2450 306 2523 cibus
321 2452 438 2524 tribus
454 2455 568 2527 Musei
584 2455 797 2543 Britannici,
818 2468 973 2551 suntque
992 2453 1068 2524 haec
1085 2480 1092 2524 :

254 2573 289 2639 l⁰
306 2573 438 2670 logicae
452 2586 642 2658 tractatus,
668 2571 768 2644 libris
794 2587 932 2671 septem
951 2586 1143 2661 constans,
1163 2597 1206 2644 ac

203 2675 394 2749 Theodoro
414 2679 558 2750 cuidam
581 2695 824 2778 nuncupatus.
848 2683 950 2778 Opus
972 2679 1075 2751 initio
1102 2680 1206 2766 muti,-⁴

203 2783 279 2855 lum
297 2800 366 2876 est,
386 2811 454 2858 nec
470 2786 582 2883 Sergii
595 2811 730 2858 nomen
743 2812 816 2886 prae
832 2812 868 2858 se
886 2787 963 2859 fert.
982 2790 1103 2874 Quum
1120 2812 1206 2860 vero

203 2887 263 2962 hio
280 2905 450 2964 tractatus
467 2917 620 2992 operum
634 2895 745 2990 Sergii
762 2918 891 2990 agmen
906 2892 1014 2994 ducat
1030 2894 1067 2964 in
1081 2894 1206 2966 codice

244 3135 253 3168 ¹
274 3139 343 3194 Haec
358 3149 426 3194 sunt
440 3137 571 3218 Agathiae'
589 3137 700 3210 verba,
717 3138 822 3216 quaein
838 3137 971 3218 Sergium
983 3151 1113 3196 nostrum
1133 3140 1206 3198 mire

203 3224 360 3303 quadrant:
371 3225 424 3286 Ἦν
434 3228 484 3309 γὰρ
495 3229 526 3299 δὴ
541 3229 678 3308 ἑρμηνέων
692 3229 796 3310 ἄριστος
808 3231 943 3300 ἁπάντων,
958 3231 1004 3288 καὶ
1012 3221 1066 3296 οἶος
1075 3231 1205 3289 ὑπἀὐτοῦ

204 3315 323 3395 Χοσρόου
338 3317 531 3394 θαυμάζεσθαι,
549 3322 585 3384 ὡς
603 3321 631 3378 ἐν
650 3319 765 3402 ἑκατέρᾳ
782 3319 907 3400 πολιτείᾳ
924 3317 958 3378 τὰ
976 3324 1094 3398 πρωτεῖα
1114 3317 1205 3399 λαχὼν

204 3409 252 3476 τῆς
268 3406 427 3483 ἐπιστήμης.
449 3413 517 3466 Vua
529 3412 699 3482 Iustiniani,
715 3409 766 3468 lib.
784 3415 834 3483 IV,
848 3430 879 3488 p.
894 3413 963 3468 161.
980 3409 1071 3468 Paris.
1090 3408 1195 3469 166οζ

243 3506 254 3540 ¹
277 3509 429 3567 Clrmnicon
441 3513 581 3583 syriarum
593 3510 672 3586 (edit.
689 3516 793 3582 Bruns,
807 3511 922 3590 Lipsiae,
937 3513 1038 3586 1788),
1052 3530 1082 3588 p.
1100 3513 1148 3569 59.

243 3605 255 3640 ⁸
274 3610 358 3666 Errat
370 3607 571 3683 Bar-hebraeus,
594 3610 664 3670 dum
678 3612 786 3690 primas
800 3609 893 3669 eredit
913 3610 1061 3672 versiones
1074 3608 1206 3687 philoso-

204 3695 328 3774 phorum
343 3717 503 3777 graecorum
523 3717 540 3756 a
560 3700 662 3779 Sergio
680 3701 768 3760 fuisse
788 3701 942 3760 confectas.
966 3698 1022 3758 Sed
1041 3717 1129 3775 supra
1144 3699 1205 3772 jam

204 3785 316 3845 ostendi
330 3785 459 3846 laborem
478 3788 583 3847 scholae
601 3789 702 3868 priscae
722 3789 868 3850 edessenae
888 3802 1004 3848 tenuem
1024 3787 1130 3848 famam
1147 3788 1204 3847 ha·-

205 3875 302 3934 buisse
319 3875 462 3956 brevique
476 3897 493 3936 e
506 3879 647 3937 memoria
660 3879 810 3938 hominurn
825 3879 968 3960 periisse„

245 3974 256 4008 ⁸
275 3977 376 4034 Chrun.
387 3999 459 4052 syr„
473 4000 502 4058 p.
519 3982 588 4038 173.
601 3979 760 4038 -Eadem
775 3980 837 4038 lere
851 3978 957 4058 repetit
969 3977 1083 4038 arabice
1094 3975 1124 4036 in
1133 3979 1204 4034 His-

206 4068 279 4124 toria
290 4070 506 4143 Dynastr'arum,
522 4091 552 4148 p.
566 4073 603 4128 et
618 4081 646 4127 et
661 4072 717 4126 tta
734 4069 813 4144 (edit.
830 4069 981 4148 Pococlre).
