3098 5126
591 451 787 518 -15..

189 622 328 672 merum
359 597 426 670 sert
453 597 589 682 ttootr,
619 596 781 666 continet
803 592 911 666 Probi
930 594 1190 690 expositionem

188 707 225 776 in
265 705 396 777 librum
426 708 498 800 Περὶ
536 701 740 800 Ἔρμηνείας,
777 701 937 798 quinque
973 702 1190 776 sectionibus
1307 775 1314 789 ,

188 812 406 900 absolutam,
426 813 573 910 paginas
598 813 638 883 91
667 808 988 906 complectentem,
1018 811 1190 909 initioque

188 921 363 994 mutilam.
374 925 651 992 Monumentum
659 917 1019 990 hocvetustissimum
1029 916 1189 1017 philoso-

187 1027 279 1126 phiae
291 1031 434 1126 syriacae
444 1028 609 1102 inanibus
619 1027 780 1116 tractavi,
793 1049 1005 1124 summaque
1015 1026 1191 1100 industria

187 1136 411 1210 elaboratum
428 1137 603 1234 comperi.
619 1134 738 1207 Verba
764 1135 963 1206 Aristotelis
982 1158 1047 1206 suo
1066 1149 1190 1206 tenore

187 1245 317 1317 referre
336 1245 475 1316 Probus
500 1270 575 1316 non
594 1259 712 1334 curat;
741 1243 946 1316 doctrinam
966 1267 1050 1314 vero
1068 1241 1190 1340 philo-

187 1351 291 1450 sophi
311 1353 387 1450 ipse
402 1353 564 1450 exponit.
583 1353 721 1448 Dignus
740 1366 832 1422 esset
849 1352 878 1421 is
892 1350 1187 1439 commentarius,

187 1464 315 1535 saeculo
333 1491 356 1534 v
374 1463 496 1535 medio
512 1463 737 1559 conscriptus
745 1462 816 1549 ,'ab
835 1477 981 1534 auctore
998 1462 1062 1558 qui
1074 1463 1190 1560 Syria·

187 1595 254 1659 no,
286 1571 496 1661 Ammonio,
530 1568 676 1661 Proclo,
704 1569 834 1640 Davidi
862 1574 1019 1640 Armeno
1045 1569 1190 1666 aequalis

186 1676 271 1765 fuit,
293 1677 367 1748 imo
398 1677 517 1750 forsan
543 1691 646 1750 aetate
672 1676 849 1772 superior,
880 1675 944 1773 qui
961 1673 1088 1746 melius
1104 1677 1190 1748 viris

186 1783 302 1858 doctis
330 1785 584 1858 innotesceret.
611 1787 729 1872 Quam
753 1808 903 1882 operam
931 1797 971 1855 ut
997 1799 1186 1880 praestem,

186 1905 327 1989 tempus
341 1907 376 1964 et
393 1892 504 1964 libelli
521 1892 629 1988 hujus
643 1893 735 1964 ratio
753 1915 852 1964 nunc
867 1915 943 1964 non
962 1892 1096 1966 sinunt.

236 2013 288 2082 Eu
304 2009 480 2082 habemus
494 2009 783 2106 antiquissimum
794 2008 972 2080 Aristoteli
986 2009 1190 2106 impensum

185 2115 348 2192 laborem
364 2115 462 2213 apud
481 2119 601 2210 Syros.
624 2114 800 2186 Videntur
818 2128 938 2186 tamen
958 2115 1045 2204 lbae,
1069 2121 1190 2188 Cumae

186 2238 222 2296 et
234 2222 343 2294 Probi
357 2247 468 2319 opera
477 2223 523 2318 (si
534 2220 647 2294 modo
660 2237 732 2294 tres
741 2221 813 2310 isti,
825 2221 925 2316 quod
935 2221 1104 2318 equidem
1113 2248 1188 2296 non

187 2329 336 2425 opinor,
362 2328 541 2404 Aristoteli
564 2353 668 2401 curas
694 2327 960 2425 adhibuerunt)
985 2354 1059 2401 non
1084 2330 1190 2404 luisse

185 2435 445 2532 vulgatissima,
466 2437 764 2535 quandoquidem
792 2436 922 2511 saeculo
949 2439 1112 2534 proxime
1136 2462 1190 2510 se·

185 2544 311 2638 quenti
324 2543 494 2618 tacebitne
510 2569 587 2620 rem
604 2570 647 2617 ex
671 2545 810 2640 integro
835 2543 1066 2620 reficiendam
1089 2571 1189 2620 sum-

185 2666 351 2748 pserunt,
365 2667 480 2750 'atque
504 2654 600 2726 inter
628 2677 690 2728 eos
712 2653 855 2748 Sergius
874 2654 1097 2726 Resainensis
1115 2679 1190 2728 uno

185 2781 250 2832 ore
268 2758 498 2856 praedicatur,
523 2762 587 2857 qui
608 2764 751 2856 primus
769 2759 995 2834 Aristotelem
1012 2763 1191 2857 syriacum

185 2864 279 2938 lecit.
318 2869 363 2938 At
401 2865 525 2938 nihilo
549 2869 664 2942 secius
701 2882 841 2940 certum
875 2882 929 2940 est
960 2871 1190 2944 Nestorianos

185 2970 314 3045 scholae
337 2971 525 3046 Edessenae
541 2974 679 3074 primos
704 2975 870 3048 omnium
891 2975 1070 3052 Aristoteli
1091 2977 1190 3076 apud

185 3081 292 3174 Syros
322 3079 482 3153 favorem
510 3081 738 3174 conciliasse,
769 3097 877 3180 atque
905 3082 1083 3158 lacebitas
1113 3111 1189 3158 uno

168 3188 256 3260 'sere
272 3187 412 3283 integro
431 3188 560 3260 sarculo
578 3190 616 3262 iu
633 3190 689 3262 his
706 3188 832 3261 studiis
850 3191 1095 3287 praecessisset

234 3305 449 3377 Gravissima
462 3308 683 3405 persecutio,
701 3332 779 3412 quae
804 3321 931 3378 contra
958 3310 1187 3394 Nestorianos

184 3412 292 3512 paulo
311 3428 393 3510 post
409 3429 608 3505 exortaest,
622 3413 1034 3488 fructusbcnos'horum
1049 3417 1187 3492 studio-

184 3545 264 3592 rum
282 3537 422 3594 tantum
438 3547 513 3593 non
532 3524 721 3621 oppressit.
747 3524 888 3596 Etenim
913 3522 1074 3595 edesseni
1097 3524 1186 3597 doc·

183 3643 291 3717 tores,
304 3631 537 3726 quiNestorio
552 3628 731 3721 favebant,
749 3629 918 3702 aRabula
929 3631 1114 3728 episcope,
1125 3635 1187 3730 qui

184 3761 250 3834 pro
268 3735 398 3833 Cyrillo
415 3737 547 3825 stabat,
570 3762 668 3809 anno
685 3739 758 3811 432
778 3735 797 3809 e
818 3739 890 3828 suis
910 3735 1053 3808 sedibus
1070 3739 1183 3835 pulsi,

184 3869 258 3916 non
274 3859 355 3916 ante
370 3843 549 3917 fortunam
563 3846 741 3917 mitiorem
756 3843 933 3933 habuere,
948 3869 1076 3941 quam,
1093 3871 1186 3919 rnor-

223 4056 232 4090 ¹
253 4055 295 4114 (ΙΙ.
314 4059 423 4114 Assem.
442 4055 517 4114 Bibl.
535 4058 649 4127 orient,
666 4068 685 4112 t.
703 4059 758 4126 111,
772 4068 848 4133 part.
862 4059 901 4126 ΙΙ,
919 4077 947 4134 ρ.
966 4077 1090 4114 cuxcur.
