3098 5126
604 419 784 546 L-s-

200 621 347 694 sissent
372 645 446 694 non
470 619 718 712 infitiandum,
738 620 787 691 ita
810 634 949 692 certum
967 635 1020 692 est
1042 619 1203 716 linguam

201 727 429 804 vernaculam
446 729 498 802 ibi
520 754 596 802 non
613 729 824 801 exstinctam
839 727 958 800 fuisse.
971 727 1046 798 Viri
1061 727 1204 800 litterati

201 837 282 928 soli,
302 838 458 914 simodo
476 861 603 910 omnes
619 837 776 928 litterati,
792 834 891 906 docti
906 850 1008 907 erant
1020 857 1205 906 sermones
1319 926 1325 936 ·

201 946 386 1046 utriusque
403 947 549 1044 linguae;
568 946 688 1044 lingua
709 945 846 1040 syriaca
862 967 936 1014 non
952 957 1092 1014 tantum
1107 941 1206 1040 apud

202 1053 328 1150 vulgus
358 1057 394 1126 in
426 1081 494 1126 usu
518 1070 612 1144 erat,
637 1053 702 1126 sed
727 1052 853 1125 litteris
880 1050 1130 1124 mandabatur.
1149 1051 1207 1120 Se·

202 1159 360 1253 leucidae,
376 1179 416 1234 ut
432 1188 558 1236 omnes
572 1163 701 1252 sciunt,
716 1160 937 1260 paucissimis
953 1159 1056 1232 annis
1069 1158 1207 1254 Syriam
1271 1209 1273 1214 .

204 1271 577 1370 transeuphratensem
589 1272 808 1341 tenuerunt¹.
820 1267 895 1339 Sub
907 1266 1209 1364 Arsacidisquan-

203 1401 311 1474 quam
338 1379 406 1477 ipsi
435 1403 473 1450 se
501 1385 685 1473 φιλελληνας
714 1376 786 1447 dici
818 1374 1043 1472 gaudebant,
1073 1375 1209 1470 lingua·

203 1511 274 1582 que
289 1511 402 1582 graeca
412 1486 451 1558 in
465 1486 625 1556 nummis
638 1485 712 1556 suis
722 1485 928 1570 utebantur,
941 1482 1076 1556 litteras
1093 1480 1209 1553 nullas

205 1592 309 1668 video
336 1595 374 1664 in
403 1593 505 1689 Syria
522 1593 686 1664 floruisse
697 1596 719 1662 ².
746 1593 912 1664 Occurrit
934 1590 1081 1688 quidem
1104 1587 1210 1662 nobis

205 1726 376 1800 magnum
406 1703 614 1801 disputandi
636 1716 906 1799 argumentum,
933 1699 1130 1771 litteratura
1150 1696 1211 1770 illa

204 1810 468 1902 Nabataeorum,
498 1812 544 1883 de
564 1835 636 1908 qua
664 1825 738 1882 tam
759 1809 872 1882 multa
894 1823 1032 1880 exstant
1052 1805 1209 1878 Arabum

205 1920 428 2011 testimonia,
448 1933 484 1992 et
508 1919 610 2014 cujus
637 1919 775 2014 insigne
792 1930 1072 1988 monumentum
1088 1938 1211 2012 super-

204 2041 258 2098 est
283 2027 426 2100 arabice
455 2051 618 2116 versum,
647 2025 737 2098 liber
763 2030 818 2096 De
842 2021 1062 2122 agricultura
1090 2019 1211 2093 Nuba·

207 2150 364 2206 taeorum..
405 2135 529 2205 Libros
568 2133 818 2204 Nabataeorum
864 2129 1017 2201 dialecto
1054 2127 1212 2224 quadam

206 2243 383 2314 aramaic'a
408 2243 560 2340 scriptos
589 2241 696 2312 fuisse
727 2239 859 2312 invicte
875 2236 1136 2309 demonstravit
1157 2237 1213 2308 vir

208 2348 436 2436 doctissimus
445 2343 887 2446 StephanusQuatremere
895 2345 966 2441 ⁸,[et
974 2341 1210 2440 egoquidem,

246 2552 256 2587 ¹
275 2552 499 2631 Inscriptiouum
524 2572 682 2632 graecarum
701 2553 834 2630 insyria
855 2552 927 2610 citra
945 2550 1122 2629 Euphratem
1143 2547 1213 2608 dum

208 2660 289 2722 seges
298 2640 423 2701 habetur
437 2642 625 2720 amplissima,
638 2643 689 2700 vix
703 2662 789 2701 unam
805 2655 834 2701 et
847 2641 980 2712 alteram,
992 2659 1099 2717 easque
1110 2637 1214 2697 barba·

208 2731 251 2788 rie
272 2731 434 2808 squalidas,
458 2745 537 2790 trans
560 2731 737 2811 Euphratem
756 2745 900 2810 repertam
926 2729 1213 2801 releraBoechhius,

211 2823 293 2897 corp.
310 2826 443 2896 Iuscrr'pt.
456 2841 553 2899 gran,
568 2823 627 2881 vol.
644 2825 706 2892 111,
722 2843 753 2900 p.
770 2825 841 2882 ΞΠ.

247 2903 258 2943 ²
279 2912 350 2984 Quae
367 2911 488 2970 moreni
505 2910 672 2970 fabulantur
690 2910 727 2970 de
744 2909 870 2970 archivis
880 2909 1034 2968 Edessenis
1051 2923 1081 2968 et
1099 2910 1137 2968 de
1151 2913 1215 2967 Mar
1312 2923 1322 2939 ·

209 2998 263 3060 lba
276 2999 430 3061 Cadinensi
448 3021 528 3079 syro,
544 3020 651 3080 graecas
666 3001 866 3078 chaldaeusque
883 3000 992 3058 litteras
1009 2999 1149 3070 callente,
1164 2999 1216 3077 qui

210 3090 287 3150 circa
301 3110 409 3150 aunum
427 3094 484 3151 150
498 3103 565 3149 ante
579 3090 724 3150 Christum
737 3103 850 3161 natum,
866 3103 898 3148 ut
911 3089 1008 3162 aiunt,
1022 3095 1217 3148 Armenorum
1281 3080 1289 3090 ’

210 3179 361 3240 historiam
389 3181 521 3260 digerere
543 3181 651 3258 coepit,
675 3181 787 3240 nullam
816 3180 903 3240 fidem
932 3180 1039 3238 mereri
1067 3179 1214 3242 videntur.

211 3271 254 3330 Cf.
271 3274 381 3330 Mosem
394 3272 627 3341 Khorenensem,
640 3275 714 3333 Hirr.
724 3275 820 3342 Arm,
829 3268 881 3327 lib.
892 3273 919 3340 1,
935 3271 1215 3348 oap.v111et1x(t.l,

212 3383 242 3441 p.
260 3366 311 3434 ll,
322 3383 386 3440 sqq.
398 3381 474 3421 vers.
484 3361 646 3420 Levaillant
661 3361 697 3419 de
706 3361 852 3436 Florival).
861 3363 975 3418 -Non
986 3372 1083 3418 nmen
1097 3358 1219 3419 tacenda

213 3466 278 3512 sunt
290 3472 355 3530 quae
368 3453 446 3532 apud
457 3453 723 3522 Plutarchum,vita
733 3453 838 3524 Crassi,
853 3449 908 3510 suh
919 3451 1018 3520 finem,
1032 3451 1218 3530 legunturde
1337 3511 1346 3538 ι

212 3542 388 3615 Armrasde,
404 3563 473 3623 rege
486 3547 692 3616 armenorum,
703 3571 718 3596 «ι
731 3542 782 3619 qui
798 3541 953 3622 tragoedias
967 3540 1101 3613 faciebat,
1111 3553 1139 3599 et
1148 3561 1218 3600 ora-

213 3632 306 3692 tiones
326 3633 518 3711 historiasque
538 3632 753 3707 conscribebat,
768 3652 891 3710 quarum
912 3630 1044 3709 quadam
1058 3631 1153 3690 adhuc
1165 3651 1220 3690 ex·

113 3767 117 3778 .
214 3736 299 3784 stant.
314 3749 328 3775 »
341 3727 432 3783 Porro
442 3743 534 3802 quum
545 3737 632 3802 caput
642 3725 737 3784 Crassi
747 3724 867 3783 allatum
881 3736 934 3792 est,
946 3722 1062 3778 Baccha
1074 3721 1220 3801 Euripidis

215 3832 311 3872 coram
331 3833 400 3894 rege
418 3812 623 3872 recitabantur.
646 3813 757 3873 Orodes
777 3813 862 3872 etiam
881 3811 1041 3870 litterarum
1061 3823 1219 3890 graecarum

215 3922 275 3964 nou
293 3903 411 3982 ignarus
432 3916 503 3964 erat.
526 3903 742 3983 Agathangelus
758 3902 862 3962 eadem
883 3901 943 3960 fere
964 3919 1028 3978 quae
1050 3900 1220 3961 Plutarchus

216 3989 305 4052 refert
318 3997 404 4068 (Hirr.
421 3999 452 4055 S.
470 3998 552 4072 Greg.
568 3999 681 4068 Illum,
696 4014 726 4074 p.
745 3997 816 4067 375,
832 3995 911 4066 377).

255 4080 266 4116 ⁸
285 4084 424 4141 Mdmor‘re
437 4103 487 4144 sur
499 4089 539 4142 les
551 4083 727 4154 Natatans,
742 4103 772 4162 p.
790 4086 840 4157 91,
856 4101 918 4160 sqq.
