3098 5126
596 461 794 531 ..69-

197 620 317 678 autem
338 607 367 676 is
387 607 517 700 estqui
535 604 599 676 has
616 605 819 702 disciplinas
835 604 870 673 in
890 603 1055 674 ordinem
1072 618 1106 672 et
1126 627 1193 674 me·
1226 683 1230 698 Ι

195 712 348 784 thodum
367 713 515 811 redegit,
533 737 654 784 earum
672 712 904 783 fundamenta
918 710 1096 797 stabilivit,
1116 735 1194 805 quae

195 821 232 891 in
249 819 315 891 illis
327 820 425 892 utilia
442 835 535 910 sunt,
549 835 674 891 ornata
685 817 853 907 reddidit,
870 842 991 890 massae
1002 841 1124 888 earum
1140 818 1193 888 in-

194 927 295 999 sulsae
309 927 523 1000 fermentum
537 928 680 1016 indidit,
692 942 727 997 et
744 927 872 997 crudas
885 926 1002 997 adhuc
1019 925 1063 995 ad
1082 941 1194 996 matu·

194 1035 335 1105 ritatem
347 1035 533 1132 perduxit,
549 1035 610 1130 qui
624 1034 799 1105 sermonis
811 1034 849 1127 (i.
867 1059 898 1103 s.
916 1031 1052 1128 logicae)
1068 1033 1142 1102 vias
1160 1045 1195 1102 et

194 1165 351 1213 canones
368 1142 547 1241 explicuit,
564 1143 626 1238 qui
640 1142 811 1241 profanos
829 1155 865 1211 et
879 1139 1056 1212 naturales
1073 1139 1195 1210 confu-

193 1249 300 1337 tavit,
314 1251 410 1347 ipsos
424 1248 619 1322 inclamans
638 1262 673 1320 et
690 1272 817 1321 eorum
832 1247 1013 1319 erroribus
1027 1249 1064 1317 in
1078 1247 1194 1318 lucem

192 1355 417 1450 proferendis
441 1356 665 1429 incumbens.
695 1356 849 1428 Platonis
878 1369 914 1426 et
940 1356 1093 1427 Socratis
1120 1379 1193 1426 ser-

193 1485 318 1535 mones
343 1465 543 1554 defaecavit,
564 1463 739 1553 firmavit,
757 1463 929 1554 excoluit;
948 1463 1039 1534 adeo
1057 1479 1095 1532 ut
1114 1487 1194 1534 eva·

192 1571 276 1641 serit
303 1573 418 1643 oratio
446 1573 521 1668 ejus
552 1573 715 1643 omnium
752 1570 1030 1668 elegantissima,
1060 1572 1194 1668 optime

192 1680 388 1775 composita
418 1693 452 1750 et
496 1679 829 1776 significantissimo.
866 1679 1035 1774 Quisquis
1076 1693 1194 1748 autem

191 1784 300 1881 ipsius
324 1783 434 1858 verba
456 1811 477 1857 e
499 1811 613 1882 graeco
643 1787 681 1856 in
703 1784 788 1858 alias
813 1784 949 1882 linguas
973 1785 1098 1868 vertit,
1126 1785 1195 1854 im-

191 1892 354 1981 mutavit,
374 1893 604 1989 conjectavit,
625 1917 692 1966 uec
708 1892 831 1964 debito
851 1917 952 1963 more
968 1916 1043 1962 rem
1062 1891 1157 1987 egit¹.
1175 1925 1190 1958 a

191 2001 355 2069 Ceterum
379 2015 530 2097 quantas
553 2025 656 2073 curas
679 1999 857 2071 Aristoteli
882 1999 1111 2071 Barbebraeus
1133 2003 1195 2071 im-

237 2105 355 2176 nderit
375 2131 419 2176 ex
445 2107 516 2178 boc
541 2121 637 2204 patet
661 2107 761 2202 quod
786 2121 906 2177 narrat
930 2106 1089 2202 quidam,
1111 2133 1194 2178 eum

203 2209 320 2281 ibrum
340 2212 534 2284 Aristotelis
555 2219 608 2282 lle
621 2212 744 2283 auditu
767 2211 819 2306 (id
836 2227 889 2284 est
904 2213 1064 2308 Physica,
1079 2239 1192 2310 quan-

192 2341 302 2412 quam
329 2319 510 2390 Fabricius
536 2335 657 2391 ceuset
680 2344 756 2390 esse
772 2318 904 2390 librum
930 2325 1000 2416 Περὶ
1025 2323 1193 2417 ἀκουστῶν)

191 2425 400 2522 quadragies
418 2426 555 2524 legisse,
577 2442 613 2498 et
631 2427 748 2500 eidem
765 2427 858 2497 libro
875 2430 1161 2526 suprascripsisse
1181 2457 1188 2498 :

194 2531 331 2602 Vellem
358 2536 485 2605 iterum
515 2535 661 2633 legere¹.
692 2540 764 2607 Nec
793 2537 977 2607 immerito
999 2536 1145 2632 quidam
1172 2555 1197 2608 e'

191 2636 400 2712 doctoribus
416 2643 683 2739 Meragensibus
700 2643 841 2716 dicebat
870 2672 878 2712 :
901 2673 918 2710 u
940 2649 1061 2730 Quum
1083 2643 1191 2716 audio

189 2743 345 2841 aliquam
367 2751 601 2844 quaestionem
627 2775 670 2821 ex
693 2776 756 2821 ore
779 2750 1000 2848 Maphriani,
1029 2754 1076 2822 ita
1104 2750 1192 2822 mibi

189 2851 330 2924 videtur
355 2879 396 2926 ac
424 2857 453 2927 si
476 2882 517 2928 ex
542 2882 605 2929 ore
629 2858 821 2929 Aristotelis
847 2860 1054 2956 sapientiam
1081 2860 1192 2931 disce-

189 2983 266 3032 rem
274 2964 295 3032 ⁸.
315 2993 333 3028 n

238 3077 428 3177 Theologia
455 3082 710 3163 barhebraeana
749 3086 825 3181 ipsa
866 3082 1050 3155 Aristotele
1085 3085 1190 3180 plena

189 3200 253 3274 est,
272 3201 309 3258 et
322 3188 617 3260 scholasticorum
636 3205 841 3261 nostrorum
860 3190 1063 3261 tractatibus
1080 3192 1189 3261 simil-

189 3290 284 3362 lima.
309 3293 470 3393 Exempli
490 3298 601 3392 gratia
625 3295 833 3367 memorabo
856 3296 1086 3392 quaestionem
1111 3321 1189 3391 quae

188 3400 225 3470 in
247 3401 373 3474 codice
394 3404 567 3474 Vaticano
594 3407 665 3477 ⁴59
691 3403 818 3499 legitur
836 3430 843 3474 :
861 3410 921 3474 An
945 3403 1106 3474 Christus
1127 3403 1189 3473 sub

187 3504 305 3578 decem
324 3509 613 3605 predicamentis
640 3510 958 3607 comprehendatur
971 3514 993 3580 ⁸.
1022 3516 1187 3583 Ceterum

228 3704 235 3736 ¹
256 3709 348 3777 Dym,
361 3717 445 3776 text,
459 3728 488 3785 p.
506 3711 560 3779 933
577 3708 674 3767 transl.
694 3729 721 3784 p.
741 3709 787 3766 60.

226 3818 237 3851 ¹
257 3818 415 3892 roscius,
431 3821 507 3879 aasz.
523 3843 580 3899 gr„
597 3835 617 3878 t.
632 3803 728 3900 nup.
746 3826 804 3880 aas
818 3822 897 3896 (aaa.
916 3822 1037 3896 nat-tes).

226 3932 237 3966 ⁸
258 3939 381 4006 Assem,
398 3949 417 3992 t.
431 3917 476 4008 lt,
489 3958 519 4015 p.
538 3940 606 3996 sta.
1089 3938 1092 3944 ’

228 4047 238 4080 ⁸
258 4051 383 4124 Assem,
399 4055 490 4111 Catal.
508 4055 589 4108 codd.
607 4052 671 4112 bibl.
688 4067 756 4124 aaut„
772 4065 791 4108 t.
808 4056 867 4122 ΙΙΙ,
883 4073 912 4130 p.
930 4055 997 4110 313.
