3098 5126
763 429 958 474 —u'tffiu-

363 547 433 620 lem
455 547 581 635 melius
604 547 756 620 ebibisse
776 575 886 648 quam
904 555 1166 630 Demosthenes
1187 555 1364 658 Thudy'dlss

364 654 468 744 dem,
505 655 766 756 platonicisque
801 659 1029 756 dogmatibus
1065 664 1157 743 adeo
1193 668 1391 747 refertum·

363 763 470 835 fuisse
493 778 532 836 ut
557 789 603 836 ne
633 767 783 838 Talassus
808 767 956 863 quidem
988 771 1065 866 ejus
1093 773 1369 872 intelligentiam

364 870 511 971 fugerit,
527 872 591 944 sed
606 897 725 970 neque
738 873 912 966 Phaedon,
932 901 1051 975 neque
1065 882 1228 978 Gorgia,
1244 910 1364 984 neque

362 977 455 1051 alius
473 981 662 1078 quisquam
686 1005 729 1052 ex
751 981 1028 1078 elegantioribus
1045 999 1083 1068 et
1103 987 1367 1068 difficilioribus

361 1086 474 1184 ipsius
500 1085 672 1185 dialogis,
696 1089 901 1186 cujusmodi
923 1092 1079 1166 arbitror
1105 1109 1159 1168 est
1175 1100 1364 1174 eumeui-

361 1193 435 1266 des.
452 1224 469 1260 »
487 1196 620 1295 Opinio
634 1211 756 1268 autem
768 1213 856 1269 tuuc
872 1202 1044 1299 temporis
1056 1201 1256 1284 invaluerat
1268 1204 1367 1302 apud

361 1302 527 1403 homines
544 1327 694 1380 suorum
710 1305 900 1402 aequalium
918 1323 954 1380 et
967 1307 1169 1386 christianae
1183 1311 1368 1406 religionis

363 1436 505 1500 osores,
543 1413 689 1488 Persida
715 1438 837 1494 veram
865 1415 1058 1516 imaginem
1095 1418 1266 1500 exhibere
1299 1421 1367 1498 mie

362 1521 513 1621 publicae
544 1523 708 1618 moribus
747 1549 789 1598 ac
824 1523 1000 1622 regimine
1031 1529 1215 1626 perfecta,
1250 1529 1366 1627 qrutts

362 1630 545 1730 legebatur
569 1632 607 1711 iu
633 1631 779 1722 Iudicis,
807 1634 1030 1730 AEtlu'opicir,
1062 1636 1211 1734 aliisque
1237 1636 1368 1714 Fabulis

362 1739 510 1837 milesii,
529 1753 571 1812 ut
585 1739 695 1837 vulgo
717 1740 860 1827 dicitur,
882 1741 1049 1836 generis,
1072 1767 1155 1842 quae
1169 1771 1250 1844 *pro
1273 1747 1368 1822 veris

362 1846 649 1947 accipiebantur3
670 1863 709 1922 ut
726 1848 846 1920 solent
862 1849 1030 1922 homines
1053 1855 1210 1952 Campos
1225 1854 1263 1926 in
1280 1853 1368 1926 lon-

363 1955 497 2052 ginquo
519 1955 657 2053 Elysios
677 1957 869 2046 somniari,
899 1956 961 2029 ubi
984 1959 1175 2056 praesentia
1205 1958 1263 2035 vel
1287 1957 1368 2034 loca

362 2063 419 2136 vel
436 2078 603 2162 tempora
624 2064 823 2162 displicent.
860 2095 878 2131 α
899 2067 1176 2160 Existimabam,
1202 2067 1251 2144 ait
1276 2071 1367 2163 Aga-

361 2170 476 2260 thias,
501 2173 676 2268 persicam
691 2172 920 2272 disciplinam
938 2176 1045 2272 longe
1061 2176 1363 2273 praestantiorem,

361 2281 459 2354 hisce
484 2283 652 2356 videlicet
687 2282 796 2356 rebus
823 2310 903 2382 quae
930 2310 952 2360 a
985 2285 1107 2362 multis
1141 2285 1367 2363 celebrantur

362 2391 522 2489 persuasi
535 2391 634 2489 apud
648 2396 770 2462 Persas
781 2393 1024 2489 principatum
1035 2394 1280 2490 aequissimum
1290 2415 1368 2466 esse

362 2513 398 2572 et
414 2497 557 2594 qualem
574 2500 672 2574 Plato
689 2497 879 2587 describit,
901 2499 1131 2597 philosophia
1148 2515 1183 2574 et
1199 2525 1313 2597 regno
1328 2501 1369 2574 iu

362 2629 477 2690 unum
493 2606 748 2704 conspirante,
765 2605 902 2707 probos
917 2631 1005 2678 vero
1023 2629 1065 2686 ac
1082 2606 1270 2686 modestos
1282 2607 1369 2682 sub·

363 2713 478 2804 ditos,
497 2713 562 2788 sed
574 2737 692 2812 neque
710 2712 805 2796 fures
819 2713 871 2785 ibi
889 2714 1005 2805 nasci,
1026 2738 1147 2810 neque
1162 2713 1365 2812 praedoues,

361 2847 481 2920 neque
500 2823 568 2896 alia
587 2821 747 2897 facinora
756 2835 1023 2920 perpetrantes.
1043 2823 1112 2892 Hir
1128 2824 1248 2918 itaque
1268 2819 1369 2900 rebus

363 2948 405 3002 ut
416 2934 504 3012 ueris
514 2933 633 3004 exciti.
700 2931 983 3028 »simplicissimi
1000 2927 1212 3006 horuinumt
1234 2931 1275 3003 in
1292 2934 1369 3008 Per·

274 3057 276 3062 '
363 3039 479 3114 sidem
502 3037 653 3135 profecti
677 3051 777 3111 sunt.
813 3042 856 3108 At
880 3048 1055 3134 quantum
1080 3037 1208 3113 mutati
1233 3037 1366 3126 animi,

364 3172 476 3244 quum
492 3169 614 3243 regem
637 3143 830 3226 barbarum
848 3169 889 3222 ac
915 3169 1033 3222 mores
1053 3159 1096 3220 ut
1114 3145 1214 3243 apud
1241 3146 1370 3220 Orien·

365 3254 453 3326 tales
469 3254 542 3326 fere
565 3255 655 3325 solet
676 3254 844 3325 atrociter
869 3277 979 3327 saevos
1003 3253 1152 3354 propius
1176 3250 1364 3325 viderunt!

362 3363 535 3442 Graeciam
552 3359 790 3460 philosophice
806 3360 981 3433 infensam
999 3361 1135 3434 Persidi
1151 3386 1189 3434 se
1214 3360 1368 3438 amicam

364 3494 406 3548 ac
421 3470 586 3544 tutricem
603 3467 788 3566 profitenti
803 3467 1047 3566 praetulerunt.

412 3575 492 3674 Syri
520 3575 717 3648 nestoriani
752 3575 855 3648 sedes
887 3573 1086 3649 stabiliores
1118 3597 1228 3672 quam
1266 3575 1370 3674 graeci

364 3681 573 3783 philosophi
600 3683 696 3782 apud
723 3687 847 3754 Persas
868 3699 1110 3782 sumpserunt.
1136 3688 1234 3755 luter
1254 3681 1371 3784 philo·

364 3791 500 3892 sophos
521 3789 584 3889 qni
605 3791 724 3862 aulam
748 3789 919 3863 Chosrois
938 3791 1131 3881 ornabant,
1162 3813 1285 3890 syrum
1299 3791 1369 3864 ho·

365 3901 501 3972 minem
546 3898 748 3970 invenimus
782 3899 975 3990 Ummium,
1012 3913 1116 3972 sectae
1148 3898 1367 3979 aristotelica

299 4095 303 4098 ,
365 4008 564 4096 addictum,
587 4007 761 4104 cujusque
781 4005 1040 4106 disputationes
1062 4032 1187 4084 coram
1204 4030 1286 4101 rege
1303 4003 1366 4075 ha-
