3098 5126
731 510 780 523 ..
806 472 852 540 38
878 511 927 524 ...

331 614 405 685 vult
428 617 615 702 Sericum,
642 615 777 712 absque
802 615 873 687 ulla
898 618 1058 705 ratione,
1085 638 1164 688 mea
1182 618 1329 714 quidem

330 725 525 813 sententia,
554 726 629 796 imo
654 739 780 797 contra
804 750 950 798 omnem
973 729 1164 799 rationem.
1188 727 1330 799 Etenim

332 835 366 902 l⁰
389 831 504 903 codex
526 846 649 903 noster
673 830 754 903 libri
771 831 1088 906 nitet-el-Fitret
1106 835 1248 934 (suppl.
1275 859 1326 905 ar.

332 941 450 1028 laod,
466 938 735 1035 f01.90)habet,
751 957 791 1012 ut
802 943 1033 1039 Hottingerus
1046 943 1192 1038 legerat,
1209 946 1331 1014 Suria·

330 1072 407 1117 nos.
439 1053 475 1122 2⁰
503 1050 638 1118 Mentio
667 1073 747 1146 quae
772 1050 929 1145 injicitur
953 1049 1103 1122 celebris
1127 1051 1331 1150 interpretis

329 1156 438 1252 Jahjae
457 1156 528 1228 ben
548 1157 613 1229 Adi
629 1173 729 1230 certo
746 1161 875 1232 certius
898 1159 1033 1232 indicat
1049 1162 1109 1233 hic
1126 1163 1182 1260 agi
1196 1161 1244 1234 de
1266 1162 1330 1258 Sy·

329 1265 420 1336 riani
442 1267 704 1337 commentario
730 1267 767 1336 in
791 1266 923 1338 librum
946 1265 973 1359 β’
993 1269 1328 1366 Metoplzysicorum.

331 1371 526 1460 Quomodo
561 1388 681 1446 autem
714 1373 908 1446 translator
939 1374 1025 1464 ille,
1056 1377 1120 1471 qui
1153 1377 1283 1448 saeculo
1309 1403 1330 1446 x

329 1478 491 1569 vivebat,
515 1480 706 1579 graecisque
725 1480 931 1554 auctoribus
951 1481 1205 1554 transferendis
1226 1483 1332 1555 unice

330 1613 479 1687 operam
497 1587 615 1676 dedit,
635 1588 783 1661 chaldaei
805 1603 841 1662 et
860 1589 1005 1661 obscuri
1022 1591 1181 1662 hominis
1201 1592 1333 1689 scripta

330 1695 504 1768 vertenda
526 1696 762 1794 suscepisset?
790 1701 956 1768 Ceterum
982 1698 1244 1770 Mohammedis
1266 1697 1331 1769 lbn

330 1803 436 1876 lshalt
448 1803 558 1876 verba
574 1803 866 1904 Djemaleddinus
883 1807 1086 1904 exscripsit,
1107 1807 1205 1878 unde
1224 1809 1334 1876 Wen·

331 1909 464 1984 richius
494 1913 741 2009 assumpsit,
778 1927 885 2010 atque
919 1915 965 1985 ad
997 1916 1186 2010 Syrianam
1219 1913 1332 2014 probe

332 2019 481 2091 retulit¹.

380 2131 508 2199 Praeter
523 2127 744 2225 patriarchas
758 2129 997 2218 nestorianos,
1014 2131 1077 2228 qui
1090 2151 1192 2225 paene
1208 2151 1332 2200 omnes

333 2235 583 2307 aristotelicam
600 2234 826 2334 disciplinam
838 2238 1078 2328 sectabantur,
1101 2236 1233 2310 multos
1245 2235 1333 2308 alios

333 2343 461 2415 doctos
482 2344 577 2415 viros
594 2345 630 2414 in
655 2344 724 2416 hae
753 2361 850 2420 secta
875 2348 1090 2444 reperimus,
1120 2349 1214 2419 inter
1243 2367 1334 2441 quos

334 2452 528 2548 quemdam
547 2451 693 2542 Denha,
721 2456 784 2551 qui
806 2456 900 2526 circa
927 2479 1064 2526 annum
1082 2457 1154 2528 tto
1170 2452 1333 2542 vivebat,

334 2575 369 2630 et
383 2565 440 2631 cui
453 2560 634 2656 catalogus
651 2561 827 2657 Ebedjesu
844 2563 937 2634 inter
951 2563 1020 2633 alia
1036 2585 1146 2659 opera
1166 2560 1337 2632 adscribit

495 2722 739 2781 Commentarium
752 2723 782 2781 in
794 2724 971 2783 dialecticam

494 2812 654 2872 Aristotelis
667 2814 793 2892 magni¹.

337 2951 457 3023 Codex
500 2951 595 3022 unde
640 2957 852 3022 assemanus
903 2953 1089 3048 descripsit
1137 2941 1339 3045 catalogum

337 3055 720 3154 Ebedjesuexhibebat
739 3057 866 3127 Ht'bom
894 3083 958 3156 pro
977 3059 1116 3130 Denba.
1153 3062 1195 3128 At
1225 3056 1339 3129 multo

337 3165 558 3264 probabilior
582 3180 634 3236 est
659 3164 765 3237 lectio
788 3191 898 3262 quam
923 3180 1065 3237 secutus
1091 3180 1168 3237 erat
1192 3163 1340 3237 Ecchel·

337 3275 464 3363 lensis,
499 3275 536 3345 in
573 3275 732 3346 editione
768 3274 878 3373 priori
907 3275 1060 3371 catalogi
1087 3273 1336 3370 Ebedjesuani.

337 3380 564 3454 Wenrichius
593 3381 692 3454 hunc
724 3407 838 3454 unum
869 3397 904 3454 et
933 3382 1101 3454 eumdem
1133 3379 1234 3480 putat
1258 3405 1340 3451 cum

338 3491 400 3562 lba
430 3489 609 3560 Edesseno
626 3493 648 3560 ⁸.
688 3492 926 3562 Nominantur
964 3494 1071 3563 etiam
1103 3492 1139 3562 in
1179 3487 1341 3585 catalogo

339 3597 514 3694 Ebedjesu
537 3625 544 3666 τ
565 3597 785 3688 Jesudenah,
805 3601 997 3697 episcopus
1011 3603 1152 3687 Rosiae,
1172 3598 1233 3694 qui
1261 3611 1342 3694 post

339 3731 475 3778 aunum
500 3711 571 3780 700
597 3704 762 3793 vivebat,
793 3706 1006 3804 scripsitque
1043 3707 1173 3806 logicas
1204 3706 1342 3800 exposi-

378 3892 386 3923 ¹
408 3897 451 3948 De
464 3905 538 3948 attat.
550 3911 629 3968 graec.
649 3910 733 3962 vers,
748 3911 778 3966 p.
797 3893 867 3948 287.

378 3982 390 4015 ¹
410 3987 536 4051 Assem,
551 3993 572 4036 t.
587 3982 645 4050 111,
661 3999 728 4056 pars
742 3985 771 4048 1,
787 4000 816 4057 p.
834 3983 976 4038 lid-lid.

379 4069 389 4100 ³
411 4073 453 4124 De
465 4081 539 4124 auct.
554 4087 633 4142 grac.
650 4087 734 4138 vers„
750 4087 779 4144 p.
798 4071 846 4125 20.
