3098 5126
750 467 944 534 ...50-

347 607 504 702 syllogeu
523 613 653 701 γνώμων
674 610 860 700 μυνοστίχων
881 607 900 681 ἢ
919 603 1081 699 dissipor,
1102 606 1148 678 ab
1173 607 1241 678 illis
1258 631 1349 704 quas

347 739 458 813 graece
467 714 655 812 subipsius
669 714 818 784 nomine
833 713 1058 811 possidemus
1068 717 1219 786 omniuo
1235 715 1349 790 diver·

346 847 444 911 sam3
476 827 512 895 2⁰
537 821 642 894 sliam
664 821 922 893 sententiarum
944 820 1106 918 syllogeu
1127 827 1350 896 Prruaeouu

348 929 537 1019 tributam,
565 931 673 1027 a'tque
698 927 745 1000 eb
774 953 817 1002 ea
841 953 920 1026 que
949 935 1059 1026 χρύσεα
1088 935 1148 1006 ἔπη
1180 931 1350 1028 inscripta

345 1050 397 1106 est
409 1035 601 1125 diversam,
617 1060 689 1133 qua
703 1035 851 1107 fortasse
867 1032 954 1131 ‘tiphe
964 1039 1055 1131 λόγος
1076 1059 1138 1108 seu
1160 1044 1235 1130 tupi
1246 1043 1347 1125 Θέων,

346 1142 445 1238 quod
471 1143 618 1240 periisse
643 1141 868 1233 credebatur,
896 1156 1056 1214 servatus
1081 1157 1150 1232 est;
1180 1147 1218 1215 3⁰
1243 1143 1350 1216 aliam

346 1248 504 1345 syllogen
531 1250 582 1322 sic
608 1249 847 1347 inscriptam:
878 1247 1037 1320 Consilio
1064 1254 1203 1342 Atnao,
1228 1252 1351 1348 philo-

344 1357 461 1452 sophae
475 1385 497 1428 e
513 1357 633 1430 scroto
647 1357 872 1455 Pythagorae.
893 1356 956 1428 llla
970 1381 1057 1428 vero
1074 1358 1152 1430 sine
1167 1359 1281 1431 dubio
1297 1375 1351 1432 est
1382 1426 1384 1430 .

345 1464 577 1539 celeberrima
605 1469 762 1553 turmo,
797 1465 899 1560 cujus
931 1465 1081 1536 nomine
1112 1467 1208 1538 varia
1240 1491 1350 1564 opera

345 1573 561 1644 sententiosa
579 1586 614 1644 et
633 1571 783 1644 moralia
804 1570 1153 1649 circumferebantur,
1167 1573 1265 1671 apud
1286 1599 1352 1645 ve-

345 1695 460 1751 teres:
476 1680 552 1751 haec
563 1694 684 1754 autem
697 1705 845 1778 prorsus
858 1704 954 1752 nova
968 1695 1072 1771 sunt3
1094 1683 1132 1753 4⁰
1145 1682 1351 1754 versionem

344 1787 516 1860 orationis
534 1786 755 1883 paraeneticae
775 1787 940 1858 isocratis
957 1787 1005 1858 ad
1027 1787 1278 1860 Demouicum.
1298 1793 1352 1860 De

345 1892 402 1964 his
418 1893 549 1982 fusius,
578 1891 743 1964 sednon
768 1908 807 1963 ut
837 1917 901 1989 par
930 1907 1026 1986 erat,
1054 1893 1110 1990 egi
1132 1895 1169 1966 in
1195 1895 1354 1966 Journal

345 2123 374 2179 p.
398 2102 469 2174 110)
490 2100 626 2180 opinatur
640 2099 834 2178 Theophilum
854 2102 1032 2162 transtulisse
1053 2101 1137 2160 libras
1151 2105 1221 2160 duos
1238 2102 1350 2182 priores

345 2187 457 2260 Iliadis3
472 2207 536 2265 quae
549 2187 691 2246 sententia
702 2207 820 2266 prorsus
833 2188 989 2261 rejicienda
1002 2203 1055 2263 est,
1064 2189 1169 2250 multas
1182 2187 1297 2267 quidem
1311 2189 1350 2247 ob

344 2278 482 2352 rationes,
494 2276 638 2355 praecipue
645 2296 718 2334 vero
728 2276 796 2354 quia
802 2296 861 2334 vox
868 2278 955 2335 lotor
965 2297 1024 2355 qua
1033 2279 1124 2338 utitur
1136 2277 1351 2358 Abulsaragius,

344 2385 493 2444 nunquam
501 2367 598 2444 operis
605 2363 870 2444 uniuspartemlcui
875 2367 1169 2445 seusuiexprimendo
1177 2387 1236 2427 vox
1243 2368 1353 2425 melculo

345 2456 459 2516 arabice
466 2455 750 2536 inservit),sedopus
760 2458 905 2536 integrum
916 2457 1245 2534 designattlilloisonius
1254 2469 1355 2516 contra

345 2548 487 2623 (Pmlegg.
501 2549 544 2602 od
560 2550 724 2617 Homerum,
739 2565 769 2624 p.
786 2547 836 2615 13,
852 2547 929 2619 not.)
942 2556 1039 2602 censet
1056 2563 1109 2622 per
1123 2545 1272 2618 litobayrri
1283 2544 1355 2604 nia-

345 2634 412 2692 dem
424 2646 453 2694 et
466 2633 625 2712 Odysseam
638 2635 796 2713 designari,
810 2649 876 2711 quie
888 2633 979 2711 quum
991 2632 1049 2691 uisi
1062 2631 1150 2691 laudo
1168 2648 1356 2712 cognosceret

345 2723 563 2804 Abullaragius,
577 2725 659 2798 circa
675 2723 821 2782 excidium
839 2723 933 2799 Trojae
952 2723 1064 2782 versari
1078 2721 1211 2782 credidit.
1233 2723 1355 2783 Buhlius

348 2813 393 2890 (in
409 2815 513 2873 comm.
533 2835 589 2871 soe.
608 2833 665 2893 reg.
684 2817 818 2890 Goetrr'rrg.
835 2813 966 2888 vol.X1‚
988 2817 1063 2872 1191
1070 2856 1079 2885 ,
1099 2833 1129 2894 p.
1147 2815 1224 2884 1111,
1243 2825 1305 2874 not.
1321 2819 1355 2889 c)

345 2903 480 2980 opinatur
489 2902 709 2980 hbulfaragium
720 2914 769 2959 aut
780 2903 924 2960 incertum
934 2902 1015 2979 vulgi
1025 2921 1173 2980 rumorem
1181 2902 1221 2960 de
1235 2905 1356 2970 Homeri
1421 2923 1424 2928 ·

345 2992 436 3050 Iliade
449 2992 570 3068 ejusque
582 2990 718 3048 versione
731 2990 843 3066 syriaca
857 3003 988 3048 secutum
1003 3009 1082 3063 esse3
1100 3003 1152 3049 aut
1163 2991 1255 3051 fuisse
1265 2991 1356 3052 libros

345 3080 410 3139 illos
423 3080 460 3140 de
472 3081 517 3139 Ilii
532 3079 645 3138 excidio
660 3097 697 3138 ex
711 3091 813 3136 eorum
827 3097 935 3158 genere
949 3079 1001 3158 qui
1013 3099 1031 3138 a
1044 3080 1201 3140 seriorihns
1214 3082 1355 3142 Graeculis

345 3170 491 3249 compilati
516 3175 644 3230 Homero
669 3167 917 3249 supponebantur.
945 3172 1008 3248 Ego
1034 3190 1127 3244 vero,
1151 3189 1242 3249 quum
1267 3171 1356 3232 video

344 3260 581 3341 mesuagium,
603 3259 753 3320 hominem
780 3259 1043 3333 litteratissimum,
1069 3279 1162 3341 grece
1189 3273 1218 3321 et
1244 3262 1356 3342 syriace

345 3351 493 3420 scientem,
508 3351 708 3429 librorumque
721 3349 849 3410 maxime
862 3349 1023 3424 curiosum,
1037 3351 1171 3411 eamdem
1185 3371 1246 3410 rem
1261 3351 1355 3412 tribus

346 3439 458 3500 vicibus
472 3454 663 3518 repetentem,
679 3441 931 3518 affirmantemque
949 3440 1128 3519 exemplaria
1140 3441 1227 3515 hujus
1241 3444 1353 3502 versio-

345 3531 391 3590 nis
413 3543 527 3590 exstare
552 3530 629 3608 apud
652 3529 758 3608 Syros5
781 3529 943 3588 Villoisouii
965 3531 1136 3590 seutentiam
1159 3541 1270 3588 tantum
1294 3549 1354 3592 uon

345 3635 452 3680 certam
473 3620 645 3700 pronuntio,
669 3633 756 3697 atque
773 3620 851 3679 idem
868 3620 974 3698 opinor
995 3625 1156 3680 Homerum
1174 3620 1205 3678 iu
1223 3620 1356 3701 linguam

345 3711 531 3770 vernaculam
546 3711 686 3788 Syrorum
699 3709 789 3768 fuisse
801 3727 986 3782 conversum,
1003 3710 1134 3788 quamvis
1148 3709 1216 3768 huie
1231 3711 1311 3790 genti
1324 3709 1354 3770 in

347 3799 455 3858 deliciis
469 3797 571 3876 primis
584 3797 672 3857 fuisso
686 3815 745 3856 non
764 3797 910 3856 videatur.
926 3802 970 3856 De
986 3797 1052 3858 fatis
1070 3798 1191 3856 Homeri
1209 3811 1237 3858 et
1252 3811 1355 3878 poeta-

346 3907 411 3946 rum
429 3903 590 3967 grecorum
609 3884 687 3964 apud
701 3884 863 3944 Orieutsles
880 3885 970 3945 multa
991 3885 1073 3946 dabit
1094 3887 1229 3946 Giinther
1249 3887 1352 3958 wahl,

313 4007 316 4014 ·
347 3981 408 4035 Vera
424 3980 487 4034 dem
505 3976 650 4035 Sclriclrsol
667 3978 718 4032 des
734 3979 841 4032 Homer
854 3979 914 4032 und
929 3979 1037 4033 ardrer
1050 3979 1221 4036 tlassr'soten
1239 3978 1357 4036 Dichter

347 4069 393 4126 bei
408 4070 462 4124 der
480 4064 608 4124 Arabena
628 4067 690 4122 arrd
706 4067 827 4122 Persem
840 4065 953 4140 (Helle,
969 4063 1071 4145 true).
