3098 5126
752 459 947 529 ...56-

353 605 490 698 syriaco
499 603 654 676 arabice.
669 609 784 676 Erunt
798 606 944 677 fortasse
956 607 1019 702 qui
1028 606 1204 676 mirentur
1213 604 1281 676 hos
1290 608 1351 682 iu·

351 725 536 810 terpretes,
548 713 610 809 qui
619 715 802 786 versiones
811 712 971 784 arabicas
983 711 1163 784 conficere
1174 715 1352 811 praecipue

352 817 420 890 sibi
436 819 712 919 proponebant,
740 843 873 893 munus
891 823 1123 920 insumpsisse
1147 823 1353 894 versionum

352 927 587 1024 syriacarum,
613 953 680 1000 nec
698 929 834 1027 absque
852 927 990 1000 ratione
1016 930 1177 1026 primum
1200 929 1354 1001 intuenti

351 1034 494 1108 videtur
515 1037 684 1109 Casirius¹
701 1036 921 1108 contendere
946 1050 1072 1107 contra
1090 1035 1354 1110 Renaudotium

352 1144 534 1214 versiones
549 1142 613 1215 has
636 1170 657 1215 e
683 1167 797 1240 gneco
814 1144 850 1215 in
874 1141 1059 1214 arabicum
1084 1167 1227 1240 semper
1246 1142 1355 1216 fuisse
1441 1169 1445 1176 ·

221 1299 232 1323 .
352 1248 478 1339 lactas,
512 1251 601 1323 dum
629 1250 950 1350 Middeldorpius²,
984 1250 1290 1347 Jourdaniusque⁸
1317 1251 1355 1323 id
1464 1325 1466 1328 .

351 1355 563 1456 plerumque
589 1360 748 1432 evenisse
774 1360 944 1430 sentiunt.
975 1362 1138 1430 Attamen
1157 1360 1355 1432 innumeris

353 1479 460 1562 atque
487 1467 592 1538 certis
619 1466 832 1539 testimoniis
859 1481 1001 1538 constat
1020 1466 1168 1538 eusdem
1186 1467 1357 1564 interpre-

352 1588 404 1644 tes
419 1576 555 1671 syriace
570 1590 608 1647 et
632 1573 772 1647 arabice
797 1575 960 1662 vertisse,
979 1573 1080 1671 quod
1096 1573 1296 1646 Wenrichii
1320 1589 1356 1646 et
1373 1575 1375 1582 '

335 1679 518 1778 ‘Fluegelii
532 1683 853 1755 commentationes
872 1681 1083 1780 perlegenti,
1098 1707 1139 1754 ac
1151 1681 1293 1754 codices
1304 1682 1356 1780 ip-

351 1812 411 1862 sos
421 1789 584 1862 arabicos
596 1790 775 1863 evolventi
790 1793 814 1878 ⁶,
831 1815 975 1887 quaque
992 1791 1124 1887 pagina
1138 1788 1351 1887 apparebit⁸.

352 1897 422 1970 Sed
438 1900 609 1995 quoniam
624 1900 807 1969 versiones
824 1899 968 1994 syriacae
987 1898 1104 1968 rninus
1117 1897 1154 1967 in
1172 1921 1277 1968 usum
1293 1923 1355 1969 ve·

350 2003 520 2094 mebant,
551 2005 699 2101 syrique
726 2005 793 2102 ipsi
817 2003 987 2076 'arabicas
1012 2003 1180 2076 libentius
1207 2027 1356 2104 usurpa·

352 2110 458 2202 baut,
477 2115 610 2186 facturn
627 2128 679 2186 est
697 2129 736 2185 ut
752 2115 898 2212 syriacae
912 2114 1095 2186 versiones
1122 2113 1230 2210 hujus
1245 2117 1355 2187 aetetis

354 2223 504 2294 omnino
521 2223 719 2320 perierint⁸.

404 2339 846 2438 Aristotelesprimumsuh
857 2339 1355 2434 ntmamun0(8t3-833)ara-

394 2571 403 2604 ¹
425 2570 500 2629 Bibl.
515 2569 595 2627 arab.
611 2571 699 2645 hisp„
715 2582 736 2626 t.
753 2574 780 2640 1,
794 2591 824 2648 p.
841 2573 910 2630 240.

394 2670 404 2702 ¹
425 2673 468 2728 De
485 2671 573 2726 instit.
592 2673 668 2732 liter.
684 2672 714 2728 in
727 2674 813 2746 Hisp.
832 2692 893 2748 que
912 2669 1021 2730 Arabes
1040 2682 1168 2726 emtores
1188 2667 1356 2738 debuerunt,

356 2773 359 2780 ’
377 2804 384 2817 .
403 2761 509 2819 67·68.

352 2781 374 2840 p
392 2857 404 2893 ⁸
422 2859 507 2916 decli.
531 2878 581 2915 sur
597 2863 638 2916 les
662 2863 737 2919 trad.
764 2864 816 2917 lat.
841 2863 977 2930 ἀψῖσι,
996 2881 1027 2936 p.
1045 2861 1095 2918 86.
1116 2859 1193 2932 Quid
1215 2858 1308 2918 dicam
1322 2857 1358 2916 de

352 2949 471 3020 fluctio,
495 2948 561 3024 qui,
581 2960 647 3026 post
659 2949 838 3007 Ludovicum
852 2949 955 3006 Vivem
977 2953 1036 3020 (De
1048 2955 1141 3004 caruis
1157 2961 1279 3024 canape.
1299 2959 1354 3005 art.

352 3039 442 3116 Opp,
465 3050 485 3096 t.
505 3041 530 3108 Ι,
548 3057 579 3114 p.
602 3040 683 3110 stu),
703 3041 765 3096 vult
783 3036 932 3094 versiones
954 3035 1084 3094 arabicas
1107 3063 1120 3088 «ι
1142 3055 1202 3096 non
1224 3057 1241 3096 e
1259 3037 1358 3116 graecis

353 3125 492 3200 fontibus,
508 3127 558 3185 sed
573 3146 610 3186 ex
624 3126 718 3186 latinis
732 3126 842 3186 lacunis
856 3126 988 3185 haustas!
1006 3151 1018 3176 υ
1033 3130 1355 3204 (Hortensiumque,

391 3315 449 3374 ‘Iu
461 3315 561 3374 codice
573 3328 673 3374 nostro
686 3313 803 3376 arabico
814 3318 872 3374 884
886 3319 922 3386 Α,
938 3331 1076 3392 expresse
1087 3316 1357 3374 noteturversiones

351 3423 417 3482 quae
430 3405 460 3463 iu
473 3425 509 3464 eo
522 3406 732 3464 confinenture
745 3405 858 3483 syriaco
873 3423 936 3464 esse
951 3404 1049 3462 lactas.

392 3504 404 3538 ⁸
422 3508 495 3562 Rem
505 3505 564 3578 jam
579 3503 656 3564 bene
669 3505 784 3564 viderat
797 3503 922 3562 Buhlius
943 3502 1091 3582 (Prolegg.
1113 3501 1150 3562 ad
1164 3523 1233 3582 opp.
1254 3504 1358 3580 Arist,

353 3606 374 3651 t.
386 3597 412 3665 1,
423 3613 451 3672 p.
470 3597 527 3653 320
545 3594 616 3653 etin
630 3596 793 3652 commenti.
807 3614 863 3651 soc.
880 3613 938 3669 reg.
957 3595 1057 3665 Goeea,
1073 3604 1094 3649 t.
1110 3595 1205 3670 X1‚p.
1219 3593 1355 3665 sss-23).

353 3684 411 3744 Sed
430 3687 538 3744 erravit
554 3685 600 3744 vir
618 3685 730 3755 doctus,
746 3684 816 3742 dum
830 3683 953 3743 asseruit
966 3683 1116 3743 versiones
1129 3681 1260 3743 arabicas
1273 3701 1359 3760 quas·

353 3772 517 3833 demetiam
533 3793 571 3834 ex
584 3775 697 3854 persico
711 3787 741 3833 et
752 3774 865 3852 coptico
879 3774 1022 3852 profectas
1034 3772 1134 3832 fuisse.

393 3873 404 3907 ⁸
423 3877 467 3932 De
480 3873 537 3931 fide
546 3885 575 3932 et
588 3873 696 3932 meritis
709 3872 814 3932 harum
826 3872 992 3931 versionum
1008 3871 1193 3950 disputarunt
1202 3872 1357 3932 Salmasius

356 3963 457 4035 (eres.
475 3964 514 4023 ad
527 3962 640 4023 Cebetis
654 3963 725 4021 edit.
736 3962 774 4020 ab
786 3961 976 4024 stichmanno
990 3962 1189 4040 adornatam),
1204 3961 1357 4021 Renaudo·

353 4052 420 4132 tius,
435 4052 567 4125 Buhlius‚
582 4051 744 4124 eamusius,
756 4051 950 4126 Weurichius‚
966 4053 1037 4112 locis
1048 4051 1109 4125 jam
1121 4072 1208 4133 supra
1220 4051 1354 4112 laudatis.
