3098 5126
598 513 794 584 ..53-

195 667 321 734 Postea
339 685 424 732 vero
445 685 465 731 a
483 659 663 760 discipulis
686 663 757 733 suis
775 659 948 733 hrabibus
967 677 1193 760 superantur,

194 797 236 844 ac
252 771 350 844 velut
367 771 405 841 in
424 770 592 842 umbram
610 785 849 868 reponuntur.
911 827 912 832 ,

243 878 414 950 Praeteriri
432 893 550 949 tamen
569 879 693 975 nequit
710 879 819 974 Syros
835 877 1029 950 nonnullos
1045 879 1107 976 qui
1121 877 1199 977 phi·

194 985 396 1086 losophiam
408 985 577 1058 colebant
585 985 750 1058 ethnicos
759 1009 834 1056 non
847 985 1060 1058 christianos
1075 986 1193 1060 fuisse.

194 1099 402 1167 Portentum
436 1095 531 1167 enim
555 1093 660 1166 valde
695 1092 872 1190 singulare
898 1108 951 1165 est
983 1093 1106 1166 schola
1139 1095 1198 1168 illa

194 1202 447 1291 Harranensis,
479 1203 612 1298 inqua
640 1201 830 1299 religiones
859 1200 1011 1273 ethnicae
1041 1201 1115 1273 lere
1151 1202 1199 1273 ad

131 1297 134 1304 Δ
194 1311 361 1382 saeculum
378 1335 414 1380 x1
426 1310 658 1401 duraverunt,
676 1309 854 1406 simulque
868 1309 1067 1382 floruerunt
1077 1310 1199 1410 philo-

194 1418 321 1516 sophia
345 1434 379 1490 et
404 1433 498 1517 artes
521 1417 686 1489 liberales
709 1431 883 1490 veterum.
913 1422 1010 1488 lnter
1031 1417 1198 1491 doctores

193 1525 300 1621 hujus
328 1523 460 1598 scholae
492 1527 663 1625 praecipui
695 1527 938 1598 eminuerunt
956 1523 1093 1598 Thabet
1126 1525 1198 1598 ben

195 1631 347 1722 Korrah‚
367 1635 462 1704 circa
478 1658 615 1705 annum
639 1637 725 1722 900,
752 1633 984 1704 astronomiae
1009 1648 1045 1704 et
1066 1632 1198 1706 dialec-

194 1743 270 1814 ticae
298 1744 443 1815 scientia
466 1743 597 1834 clarus,
618 1768 762 1817 necnon
787 1745 905 1815 Senan
922 1741 995 1815 ben
1012 1742 1199 1816 Thabetet

193 1851 328 1922 lhabet
353 1850 424 1922 ben
442 1853 568 1924 ‘Senan
588 1850 683 1923 lilius
709 1868 745 1924 et
762 1875 876 1950 nepos
894 1851 982 1948 ejus,
1005 1851 1199 1949 dequibus

194 1960 324 2031 videsis
334 1959 586 2032 Barhebraeum
595 1963 616 2030 ¹.
631 1959 772 2033 Referre
779 1960 880 2056 juvat
889 1959 1011 2031 locum
1023 1960 1199 2057 insignem

193 2065 358 2137 Thabetis
376 2067 447 2138 ben
473 2067 628 2156 Korrab,
649 2069 712 2163 qui
735 2067 867 2138 scholae
890 2067 1124 2138 Harranensis
1149 2070 1201 2139 in·

194 2171 316 2244 dolem
324 2171 439 2269 probe
452 2174 571 2263 refert,
584 2197 764 2270 quemque
784 2171 891 2244 nobis
904 2173 1057 2244 servavit
1068 2173 1199 2245 Barbe-

194 2280 349 2351 bracus':
374 2283 526 2367 «Quum
542 2278 647 2352 multi
663 2281 700 2351 in
722 2304 881 2352 errorem
907 2281 1047 2352 seducti
1070 2280 1200 2355 luerint

194 2411 260 2484 per
281 2388 473 2478 cruciatus,
504 2403 623 2486 patres
646 2389 760 2460 nostri
781 2409 803 2460 a
822 2392 901 2460 Deo
924 2387 1037 2484 adjuti
1057 2391 1199 2460 restite·

194 2509 279 2565 runt
296 2494 447 2586 fortiter,
469 2521 588 2593 neque
614 2521 774 2595 unquam
791 2496 929 2595 polluta
951 2511 1005 2568 est
1021 2493 1107 2568 urbs
1123 2496 1201 2570 haec

192 2600 383 2673 benedicta
406 2617 530 2674 errore
550 2628 742 2676 nazareno.
776 2609 869 2676 Ecce
897 2629 1021 2676 sumus
1041 2602 1201 2675 haeredes

194 2706 395 2778 ethnicismi
420 2711 482 2806 qui
518 2709 607 2781 orbe
635 2725 711 2783 toto
748 2710 962 2782 celebratur.
987 2715 1201 2784 Fortunatus

194 2815 290 2886 enim
300 2814 358 2888 ille
368 2819 492 2915 estqui
504 2819 794 2916 persecutionem
806 2819 953 2917 patitur,
966 2843 1114 2918 sperans
1124 2819 1201 2890 fore

194 2935 233 2993 ut
247 2922 293 2994 ab
310 2923 526 2997 ethnicismo
547 2925 825 3023 comprobetur!
850 2927 951 3017 Quis,
971 2949 1106 3026 quaeso,
1126 2942 1202 2998 ter-

193 3053 271 3102 ram
291 3032 523 3106 habitabilem
540 3034 697 3108 reddidit
721 3049 757 3108 et
774 3037 810 3107 in
830 3035 990 3108 civitates
1006 3033 1199 3125 distribuit,

195 3139 262 3210 nisi
278 3141 469 3236 optimates
489 3157 524 3216 et
545 3134 646 3239 reges
664 3141 888 3216 ethnicismi?
912 3143 1002 3232 Quis
1018 3157 1143 3240 portus
1166 3157 1201 3215 et

195 3247 324 3319 fluvios
340 3248 541 3348 disposuit?
558 3251 647 3339 Quis
668 3251 851 3336 doctrinas
868 3249 1099 3324 absconditas
1114 3274 1200 3348 pro.-
1264 3240 1267 3246 ’

128 3410 133 3423 ,
195 3357 327 3428 tulitin
343 3356 484 3428 lucem?
507 3360 661 3430 Cuinam
678 3365 776 3433 Deus
798 3359 1039 3431 divinationes
1057 3383 1202 3432 conces·

195 3465 239 3535 sit
262 3479 298 3536 et
321 3489 378 3536 res
407 3465 543 3538 futuras
571 3467 764 3560 indicavit,
793 3468 863 3539 nisi
887 3465 1085 3539 illustribus
1108 3467 1202 3539 inter

196 3572 379 3646 ethnicos?
401 3575 445 3645 Hi
462 3598 588 3647 omnes
614 3591 708 3650 artes
725 3577 883 3666 coluere,
905 3572 1065 3646 revelant
1090 3572 1202 3646 medi·

195 3679 313 3752 cinam
343 3681 567 3773 animarum,
600 3685 798 3758 ostendunt
828 3707 951 3755 earum
986 3682 1202 3780 redemptio·

235 3903 244 3938 ¹
268 3905 366 3962 Clrron.
394 3924 467 3978 syra,
488 3928 518 3985 p.
547 3911 693 3981 179-1813
725 3912 871 3970 187-188.
895 3939 934 3951 -
958 3910 1049 3978 Dyn.‚
1070 3927 1100 3984 p.
1125 3909 1200 3966 lut-

198 3995 267 4063 185,
285 3996 355 4065 192,
373 3997 441 4066 197,
455 3999 527 4058 208.

236 4105 246 4137 ²
268 4106 366 4162 Chron.
383 4127 455 4184 syr„
475 4121 544 4168 text.
562 4131 591 4188 p.
612 4115 757 4181 tro-tlh
773 4109 873 4170 transl.
890 4129 920 4187 p.
937 4109 1077 4200 tsotst.
