3098 5126
356 944 400 996 De
421 940 513 993 studio
533 939 689 994 litterarum
707 955 859 1011 graecarum
879 937 959 1009 apud
979 937 1072 1006 Syros.

259 1119 429 1212 Syrorum
446 1138 532 1210 gens
545 1138 611 1184 nec
623 1112 780 1210 ingenio,
797 1135 864 1194 nec
881 1111 917 1182 vi
933 1135 1131 1202 armorum,
1146 1137 1213 1184 nec

210 1223 317 1294 rebus
335 1223 371 1294 iu
388 1222 538 1294 historia
555 1221 673 1318 gestis,
695 1219 893 1291 admodum
906 1217 1044 1290 claruit.
1062 1221 1213 1315 Syriacae

209 1329 341 1402 indolis
356 1329 545 1428 proprium
562 1353 604 1400 ac
621 1328 800 1426 peculiare
816 1342 870 1399 est
886 1327 1053 1426 quadam
1072 1329 1211 1400 medio-

209 1439 327 1509 critas.
351 1441 505 1510 Poeseos
527 1429 629 1507 dono
645 1435 706 1506 illo
728 1435 876 1525 divino,
897 1461 970 1533 quo
994 1433 1132 1517 Hebraei
1153 1462 1214 1508 ve·

209 1549 375 1619 tustiores
408 1564 443 1619 et
478 1547 608 1623 Arabes
649 1547 741 1616 inter
771 1546 921 1618 Semitas
954 1543 1213 1636 excelluerunt,

209 1657 287 1751 Syri
298 1655 450 1727 omnino
464 1668 606 1744 carent3
621 1653 749 1726 mentis
761 1653 948 1738 acuminis,
966 1677 1041 1750 quo
1055 1656 1169 1724 Persae
1181 1669 1217 1726 et

209 1762 353 1834 Armeni
365 1787 467 1833 suam
483 1781 567 1834 cum
582 1759 745 1858 gentihus
764 1759 938 1858 europaeis
960 1761 1214 1856 cognationem

209 1869 479 1958 demonstrant,
507 1869 612 1941 simul
636 1885 811 1966 expertes.
839 1869 1006 1939 Carmina
1030 1867 1129 1965 apud
1154 1893 1215 1940 eos

210 1977 336 2074 frigida
348 2002 389 2049 ac
402 1977 490 2049 ludo
498 2001 705 2153 puerorum
719 1975 862 2065 similia,
881 1974 1112 2080 philosophia
1130 1977 1214 2048 satis

113 2093 116 2099 “
209 2085 343 2179 jejuna,
360 2085 484 2156 litterae
511 2108 570 2156 ere
583 2084 689 2156 nullae
706 2084 775 2154 nisi
787 2108 908 2155 sacrae.
923 2085 1019 2153 Gens
1036 2109 1100 2154 sua
1117 2108 1214 2155 man-

209 2191 398 2264 suetudine
412 2189 620 2262 naturaliter
637 2190 841 2280 christiana,
862 2189 1035 2286 usquead
1052 2205 1213 2265 nostram
1315 2228 1333 2262 a

209 2313 349 2370 aetatem
361 2297 515 2387 duravit,
529 2313 669 2369 assueta
685 2297 821 2368 malum
833 2298 921 2395 pati,
937 2312 972 2368 et
990 2300 1213 2372 aromotissi·

209 2406 275 2476 mis
295 2431 374 2504 quae
394 2406 647 2477 historicorum
664 2405 736 2476 lide
753 2407 921 2477 novimus
946 2405 1083 2476 saeculis
1095 2405 1211 2479 alieno

207 2510 370 2584 dominio
388 2511 560 2608 subjecta.

256 2624 302 2690 Ut
319 2621 447 2709 armis,
467 2621 515 2690 ita
532 2619 694 2690 moribus
712 2605 914 2692 exterarum
932 2622 1094 2718 gentium
1110 2623 1211 2718 Syria

206 2753 348 2826 semper
362 2729 490 2826 patuit.
507 2729 638 2798 Mirum
656 2751 767 2824 quam
784 2728 946 2800 celeriter
965 2731 1101 2800 Graecia
1116 2729 1211 2802 hanc

204 2836 390 2932 regionem
422 2835 652 2935 occupaverit
684 2858 726 2905 ac
758 2836 814 2905 sui
841 2837 932 2931 juris
958 2837 1093 2906 fecerit.
1122 2839 1210 2910 lude

205 2941 250 3013 ab
276 2941 466 3015 Alexandri
491 2941 610 3044 Magni
630 2954 751 3030 aetate,
779 2943 880 3040 Syria
911 2942 1211 3040 ciseuphratensis

204 3077 316 3150 graeca
342 3052 382 3128 fit
405 3053 614 3152 provincia,
634 3053 756 3149 graecis
779 3052 916 3127 artibus
938 3054 1099 3146 exculta,
1120 3083 1209 3152 grae·
1276 3097 1286 3119 .
1317 3130 1323 3145 ,

204 3161 254 3240 cis
281 3159 426 3241 urbium
449 3157 658 3236 nominibus
687 3159 846 3250 referta¹,
867 3161 916 3234 ita
942 3175 983 3232 ut
1004 3161 1051 3235 ad
1075 3161 1209 3234 littera-

204 3293 285 3338 rum
302 3291 499 3364 grecorum
522 3267 635 3362 magis
652 3290 763 3363 quam
783 3268 1002 3362 syriacarum
1020 3268 1208 3342 historiam

202 3377 379 3474 pertineat
392 3375 437 3446 de
453 3375 591 3446 ratione
607 3373 741 3444 horum
751 3371 952 3446 studiorum
965 3399 1080 3472 agere.
1094 3378 1206 3450 Graeci

203 3498 287 3556 suut
299 3485 489 3572 Lucienus,
511 3480 745 3580 Porphyrius,
761 3482 926 3554 Nicolaus
943 3487 1202 3576 Damascenus,

204 3591 387 3682 Libanius‚
407 3592 603 3680 Nemesius,
616 3591 828 3680 Numenius,
841 3591 1062 3680 Damascius,
1077 3597 1206 3666 AEneas

203 3704 365 3792 Gazam,
403 3699 590 3772 Zacharias
626 3696 882 3790 Scholasticus,
917 3723 1125 3796 quanquam
1165 3703 1203 3774 in

243 3883 251 3916 ¹
272 3883 316 3942 (ls.
332 3887 475 3960 Droyseu,
495 3881 655 3940 Gesctictte
669 3883 719 3938 des
733 3884 933 3952 Hellenismus,
949 3894 970 3938 t.
992 3885 1031 3956 11,
1044 3903 1074 3962 p.
1090 3885 1140 3954 at,
1154 3888 1204 3956 58,

202 3991 265 4050 sqq.
282 3977 379 4032 —De
395 3973 494 4052 lingua
510 3971 598 4030 latina
613 3970 800 4030 orientalibus
822 3971 907 4052 plane
925 3971 1024 4054 ignota
1042 3971 1125 4032 docte
1147 3973 1207 4034 dis

203 4061 291 4122 seruit
306 4063 346 4122 St.
362 4064 550 4135 Quatremc're
560 4061 690 4137 (Journal
699 4065 748 4118 des
762 4065 893 4136 Savarias,
907 4066 996 4133 tata,
1007 4084 1037 4140 p.
1052 4066 1203 4140 tot-toa).

1155 4237 1177 4272 0·
