3098 5126
601 959 811 1050 INDEX.

210 1218 359 1275 Prototms
362 1256 1025 1279 ..................................
1072 1222 1143 1298 Pag.
1186 1222 1201 1278 I

209 1358 233 1413 1.
309 1359 353 1413 De
366 1355 461 1446 stadio
474 1355 635 1422 litterarum
649 1375 807 1436 gracorum
820 1355 898 1435 apud
912 1359 999 1434 Syros
1008 1400 1136 1420 .......
1187 1362 1204 1418 3

208 1459 246 1528 ῘΙ.
311 1461 475 1528 Aristoteles
488 1489 506 1528 a
517 1468 693 1529 Nestorianis
707 1469 744 1528 ad
759 1470 847 1547 Syros
857 1468 1026 1536 delatus-
1035 1441 1139 1536 Sciiola

349 1557 443 1636 prisca
455 1558 600 1619 Edessena
607 1604 1137 1624 ...........................
1166 1564 1204 1620 ¹0

210 1673 262 1728 III.
309 1669 476 1732 Aristoteles
498 1693 516 1732 a
537 1669 617 1752 Syris
643 1671 680 1732 ad
703 1673 805 1733 Persas
837 1673 959 1735 deIatus.
978 1708 1018 1720 —
1031 1674 1138 1736 Parius

347 1764 452 1825 Persa*
461 1806 551 1826 ......
602 1807 1135 1827 ...........................
1166 1769 1204 1824 16

207 1878 257 1934 IV.
309 1880 352 1934 De
366 1877 466 1936 studiis
475 1875 668 1956 peripateticis
682 1878 760 1958 apud
771 1878 930 1949 Jacobitas,
945 1899 980 1938 ac
992 1879 1086 1959 primo
1100 1880 1138 1940 de

348 1966 446 2026 schola
458 1967 627 2028 Resainensi
631 2013 897 2031 ..............
903 2005 927 2030 t·
928 2013 1115 2032 ..........
1119 2016 1135 2032 ..
1166 1973 1205 2028 22

209 2083 244 2138 V.
307 2085 351 2138 De
365 2081 463 2140 schola
474 2080 691 2142 Kimarinensi
708 2101 760 2140 setr
773 2079 972 2143 ctatcidmsi.
988 2125 1138 2146 ........
1161 2087 1204 2143 ,29

209 2197 257 2254 vt.
307 2200 350 2255 De
359 2195 461 2256 studiis
471 2194 665 2274 peripateticis
677 2194 755 2274 apud
761 2194 958 2267 Nestor-ianas,
968 2196 1080 2255 saeculis
1092 2217 1135 2269 vr,

348 2306 406 2358 vn,
419 2306 485 2343 vm.
490 2328 1136 2349 .................................
1165 2291 1204 2352 36

209 2401 272 2462 VII.
308 2403 353 2458 De
364 2398 462 2458 indole
476 2398 637 2458 studiorum
651 2398 905 2479 peripateticorum
917 2397 997 2478 apud
1010 2403 1136 2478 Syros..
1167 2407 1204 2464 39

209 2517 287 2574 VIII.
310 2514 375 2593 Syri
388 2515 517 2596 magistri
529 2515 658 2575 Arabum
669 2515 742 2574 fiunt
754 2514 785 2573 in
798 2513 982 2594 philosophia
993 2533 1096 2595 graeoa.
1108 2561 1135 2579 ..
1165 2522 1201 2578 st

208 2633 262 2688 lx.
309 2632 471 2778 Dehpffirpip
485 2632 550 2692 fatis
563 2630 752 2712 philosophiae
763 2629 842 2709 apud
850 2634 1052 2708 Syros-De
1063 2636 1137 2692 Bar-
1167 2727 1205 2784 61

209 2859 370 2919 Erttoous.
388 2902 1136 2927 ......................................
1167 2867 1204 2924 'II
