3098 5126
583 477 775 544 ...19-

177 619 268 694 bitus
285 621 362 693 fuse
377 623 485 694 refert
506 621 671 719 Agathius
686 624 706 692 ¹.
739 626 809 693 Rex
827 645 957 722 nempe
976 637 1016 695 ut
1039 625 1180 698 animos

177 743 370 818 recrearet,
396 753 519 802 eoram
548 751 587 803 se
608 727 758 825 jubebat
780 727 976 802 catholicos
996 743 1031 800 et
1057 733 1182 802 Nesto·

177 837 299 909 nanos
328 835 520 933 congredi,
553 837 773 936 ancipitique
795 838 951 909 victorie
975 837 1182 910 discrimine

178 943 384 1042 gaudebat¹.
407 943 631 1018 Aristotelem
646 944 780 1016 horum
797 943 1001 1016 studiorum
1012 945 1049 1016 in
1066 945 1182 1042 logice

178 1053 284 1124 fuisse
300 1053 508 1148 magistrum
527 1073 639 1125 nemo
655 1072 730 1122 non
741 1049 919 1148 intelligit.
941 1055 1055 1150 {psius
1072 1071 1184 1152 opera

177 1160 316 1257 persice
327 1159 544 1231 fuisseversu
553 1155 730 1256 colligitur
738 1157 1066 1256 exigethiaeverbis
1075 1178 1184 1259 supra

176 1267 346 1358 laudetis,
362 1291 442 1365 quae
455 1267 529 1340 fere
541 1265 708 1338 exscribit
719 1261 847 1340 suidas
859 1266 910 1362 (v.
924 1267 1087 1364 Χωρόης).
1102 1271 1185 1340 Cre·

177 1373 240 1446 det
259 1376 323 1474 qui
338 1373 527 1448 voluerit&
552 1371 734 1444 Habemus
755 1387 877 1445 eutem
895 1374 1028 1446 horum
1045 1374 1184 1447 studic-

177 1505 260 1554 rum
283 1484 422 1581 insigne
440 1507 484 1555 ue
499 1479 744 1554 inestimabile
763 1497 1063 1570 monumentum,
1084 1482 1185 1580 quod

177 1589 285 1662 uobis
318 1591 473 1664 servavit
505 1589 620 1664 codex
656 1591 777 1665 tusco
811 1592 925 1663 Musei
966 1591 1183 1678 Britannici,

179 1696 271 1768 oiim.
279 1700 316 1769 S.
336 1699 455 1772 Meriae
471 1699 654 1796 Deiperae3
674 1698 857 1796 epitomen
881 1698 965 1770 dieo
982 1698 1105 1795 logicae
1120 1722 1188 1797 pe-

178 1807 370 1904 ripaurieae
379 1807 480 1904 quod
496 1807 649 1878 Chosroi
664 1805 797 1878 obtulit
812 1804 941 1878 Penius
957 1810 1078 1896 Persa,
1093 1829 1187 1878 unus

179 1939 223 1985 ex
247 1913 305 1988 his
334 1917 552 1990 Nestorieuis
584 1915 646 2011 qui
674 1915 767 2010 regis
791 1912 935 1986 barbari
965 1913 1187 2010 majestatem

179 2025 300 2118 grecis
330 2023 467 2098 nebus
500 2022 720 2096 recreabant.
759 2021 988 2093 Berhebraeus
1018 2023 1188 2118 cognovit

179 2130 252 2202 hoo
276 2153 370 2228 opus
384 2131 502 2228 pretio
532 2129 724 2224 singulare,
759 2128 860 2224 quod
888 2127 935 2200 eb
964 2147 1009 2198 eo
1040 2144 1190 2199 vocatur

180 2237 399 2309 Imroductm
415 2236 591 2307 mirabile
605 2238 647 2308 t'n
664 2235 908 2322 Dt'ctlectieum,
925 2234 1097 2332 idemque
1108 2257 1190 2306 nar·

181 2360 235 2416 ret
246 2345 396 2418 Paulum
410 2359 587 2433 nostrum,
603 2359 717 2440 quum
729 2341 1011 2441 patriarchatum
1027 2341 1188 2413 christia-

182 2473 314 2528 norum
330 2452 559 2524 orienteiium
573 2452 766 2548 impetrare
778 2473 853 2520 uon
865 2449 1059 2548 potuisset,
1078 2448 1189 2522 fidem

181 2558 412 2633 christianum
437 2557 637 2655 ubjtuesse,
665 2571 700 2628 et
719 2571 822 2628 secte
842 2549 1031 2653 magorum
1053 2575 1188 2628 nomen

89 2671 91 2682 '
182 2665 324 2739 dedisse
337 2669 361 2736 ⁴.
388 2666 496 2765 Operi
527 2666 708 2764 praemissu
739 2679 793 2736 est
812 2664 971 2763 praeietio
997 2665 1189 2736 seutentia-
1314 2709 1317 2716 ·

182 2796 269 2846 rum
289 2774 461 2870 gravitate
487 2771 631 2862 nobilis,
650 2771 752 2867 eujus
768 2771 829 2843 hic
854 2793 1022 2868 magnum
1048 2786 1189 2870 purtem

182 2881 292 2953 iatine
303 2901 448 2952 versum
463 2898 651 2978 apponere
665 2877 776 2950 iubet.

235 3019 253 3054 r
267 2989 626 3084 Sernweompusims
650 3009 674 3055 u
689 2984 805 3056 Paulo
836 2989 948 3056 Persa
974 3006 1081 3082 super
1102 3011 1190 3083 opus
1290 3045 1301 3066 .

185 3097 332 3196 logicum
345 3093 772 3190 nmueteptttosopki,
787 3091 838 3164 ad
847 3117 964 3191 regem
983 3093 1184 3166 Chosroem.

236 3229 255 3272 u
268 3209 466 3289 Fortunato
482 3202 649 3290 Chosroi,
665 3202 740 3297 regi
755 3225 893 3296 regum,
914 3201 1053 3299 optimo
1070 3201 1189 3272 homi·

185 3334 296 3403 num,
322 3310 453 3384 erolus
475 3333 598 3382 servus
623 3323 718 3394 tuus,
748 3307 911 3382 salutem.
945 3307 1187 3406 Philosophia,

227 3552 236 3582 ¹
256 3545 321 3604 Lib.
334 3545 374 3617 Π,
390 3561 421 3626 p.
440 3542 494 3615 67,
506 3555 571 3621 sqq.
589 3546 638 3600 71.
655 3571 695 3588 «-
707 3539 820 3611 SuidttS,
836 3562 864 3602 v.
880 3542 1022 3620 Οὐράνιος.

226 3637 238 3674 ¹
256 3641 384 3712 Assem,
400 3647 421 3696 t.
438 3638 494 3705 111,
507 3649 575 3713 pers
588 3637 620 3703 1,
636 3653 667 3710 p.
684 3633 754 3692 408.

226 3725 238 3760 ⁸
257 3727 321 3802 Qua
334 3726 446 3790 mtione
458 3723 564 3784 ductus
577 3722 614 3782 de
627 3721 764 3782 (iterando
777 3725 867 3796 (Hist.
887 3727 1033 3800 comparere
1052 3723 1102 3778 des
1119 3736 1188 3795 xyst.

188 3819 224 3874 de
234 3817 324 3892 plut,
338 3829 360 3874 t.
376 3820 427 3892 IV,
441 3835 472 3894 p.
490 3816 563 3886 195)
583 3825 692 3872 asseret
704 3811 847 3872 Urenium
866 3811 1044 3871 transtulisse
1059 3811 1191 3889 quaedem

189 3925 279 3985 opere
294 3906 465 3978 Aristotelis,
474 3903 556 3978 jussu
569 3901 714 3972 chosrois,
728 3903 814 3982 piane
826 3902 934 3974 nescio,
950 3921 1005 3962 nec
1019 3903 1082 3980 ipse
1095 3903 1191 3960 forsan

190 3995 293 4055 melius
307 3995 424 4057 sciebat.

230 4083 241 4117 ⁸
261 4087 386 4159 Assem,
402 4099 423 4143 t.
439 4088 500 4155 111,
516 4102 583 4162 pars
596 4086 622 4154 l,
638 4103 667 4160 p.
685 4084 754 4143 ⁴39.
