3098 5126
348 602 416 672 ries
428 605 457 690 ¹,
478 617 516 672 ut
532 604 620 674 certi
639 603 837 700 quidquam
855 602 1005 676 definire
1023 607 1098 676 don
1115 604 1241 694 ausim.
1267 611 1350 678 Post

348 711 448 785 illum
458 735 544 783 vero
558 715 873 804 commentarium,
889 715 952 810 qui
965 715 1037 788 sere
1053 716 1101 788 28
1115 714 1253 812 paginis
1268 739 1352 786 con·

347 832 434 907 stat,
452 818 691 916 fragmentum
711 820 863 895 alterum
879 823 1040 920 sequitur
1056 822 1133 918 (fol.
1151 821 1231 918 63),
1251 822 1351 920 quod

348 927 558 1024 inscriptum
575 942 652 1000 est:
676 931 961 1002 Commentarius
977 929 1255 1002 [enodationis
1265 935 1352 1002 Por·

341 1033 873 1132 phyriiphilosoplai,saetusah
882 1037 1026 1110 bomine
1035 1041 1178 1122 amanti
1190 1037 1347 1126 uberte,

347 1141 436 1227 Quis
456 1141 515 1214 hic
540 1148 704 1216 Φιλόπονον
727 1169 802 1219 non
830 1144 947 1225 ,vidett
974 1147 1030 1224 Sic
1057 1145 1203 1243 incipit:
1224 1175 1242 1214 c
1263 1149 1369 1232 Quae'

346 1272 432 1345 ergo
449 1250 558 1332 docet
569 1277 636 1327 uos
649 1251 709 1324 hic
725 1267 892 1328 tractatus
907 1268 993 1329 sunt
1007 1253 1108 1332 baec:
1129 1255 1210 1350 quis
1230 1254 1274 1326 sit
1287 1253 1350 1350 qui

346 1359 486 1456 scripsit
500 1359 790 1458 hanclsagogen,
799 1361 847 1438 ad
860 1386 969 1459 quem
984 1362 1164 1459 scripserit
1176 1385 1317 1444 eam...
1330 1391 1347 1426 »

292 1520 297 1529 .
348 1467 459 1543 Paulo
473 1475 556 1566 pos't
572 1469 651 1564 (sol.
668 1471 732 1566 65)
742 1468 839 1546 subit
849 1469 1090 1565 fragmentum
1100 1470 1251 1542 alterum
1262 1469 1352 1566 ejus·

345 1571 427 1646 dem
444 1579 612 1665 auctoris,
634 1591 674 1648 ut
696 1576 763 1649 fert
783 1576 918 1666 titulus,
937 1577 1095 1673 itemque
1113 1576 1160 1650 ad
1178 1580 1350 1675 Isagogen

346 1682 543 1779 pertinens.

397 1791 535 1866 Eodem
552 1792 678 1868 codice
691 1793 771 1890 (fol.
796 1793 857 1888 ll)
873 1792 1002 1888 legitur
1022 1792 1103 1864 Vita
1117 1791 1237 1867 brevis
1255 1794 1349 1872 Aris·

347 1897 464 1972 totelis
477 1924 588 1996 quam
606 1926 649 1974 ex
667 1900 858 1978 Ammonio
871 1899 1099 1997 desumptam
1114 1898 1237 1972 scribit
1255 1905 1351 1976 asse·

347 2029 498 2097 manus3
527 2032 601 2080 non
630 2010 660 2082 is
685 2007 834 2107 quidem
860 2022 970 2081 recte.
996 2008 1157 2096 Etenim,
1186 2009 1350 2106 quamvis

347 2114 418 2186 vita
431 2113 504 2203 illa,
517 2141 598 2214 qnae
606 2116 782 2216 pagellam
793 2141 905 2188 unam
919 2141 993 2191 non
1008 2115 1145 2215 implet,
1160 2115 1272 2189 mutu
1283 2115 1348 2194 ha·

346 2219 429 2294 beat
445 2225 653 2298 communio
670 2249 754 2298 cum
774 2225 1024 2317 Ammoniace,
1045 2247 1120 2298 non
1140 2223 1190 2296 illi
1201 2221 1348 2297 similior

346 2327 418 2400 dici
434 2346 552 2428 potest
568 2357 677 2429 quam
688 2332 800 2424 cuivis
817 2332 879 2405 alii
891 2331 1023 2407 harum
1037 2332 1199 2406 Vitarum
1209 2332 1350 2406 Aristo-

345 2436 427 2518 telis
436 2464 517 2538 quae
529 2441 627 2539 apnd
643 2455 782 2515 veteres
794 2439 1146 2514 circumferebantur.
1171 2437 1351 2516 Abuttara·

346 2546 442 2644 gius³
460 2573 501 2620 ea
523 2557 610 2646 quae'
626 2549 673 2622 de
693 2548 880 2624 Aristotele
902 2561 1024 2620 narrat
1046 2570 1090 2618 ex
1103 2544 1233 2619 eodem
1251 2543 1350 2622 fonte

346 2654 678 2730 videtur‘housisse.

393 2767 521 2836 Cetera
536 2789 649 2863 opem
665 2765 860 2840 Aristotelis
877 2764 980 2862 quod
993 2776 1155 2862 spectat,
1178 2761 1235 2834 vix
1252 2761 1350 2858 ipso-

346 2895 427 2942 rum
450 2872 570 2946 titulos
599 2875 675 2970 Syri
701 2887 850 2961 norunt,
876 2889 938 2962 aut
962 2896 1042 2968 que
1064 2870 1132 2946 sub
1158 2869 1214 2943 his
1230 2867 1350 2968 titulis

340 2980 601 3052 circumierunt
619 2982 807 3079 opuscula,
821 2979 1033 3073 mmdottpata
1049 2992 1144 3048 sunt.
1165 2980 1193 3044 E
1212 2977 1349 3073 syriaco

347 3112 490 3160 versum
512 3089 571 3158 hic
588 3111 772 3188 apponere
788 3086 911 3170 censui
929 3082 1092 3156 scholion
1113 3082 1215 3186 quod
1231 3083 1268 3154 in
1286 3107 1348 3154 co-

347 3197 485 3268 dicibus
510 3197 679 3268 Vaticano
699 3193 866 3290 458(s01.
886 3193 971 3288 26),
994 3191 1155 3264 Mediceo
1174 3191 1259 3279 496,
1273 3195 1349 3274 ¹Pa-

347 3305 485 3376 risiensi
504 3307 567 3379 tot
592 3304 670 3400 (tot.
691 3305 754 3398 lll)
771 3303 913 3399 legitur,
932 3299 1146 3396 exhibetque
1164 3297 1269 3370 nobis
1289 3321 1349 3368 ca-

386 3511 396 3546 ²
416 3513 451 3568 V.
469 3510 593 3570 Fabricii
607 3510 682 3570 Bibl.
692 3533 734 3588 gr.
747 3510 832 3584 (edit.
848 3509 983 3582 Harles),
997 3523 1017 3568 t.
1030 3511 1065 3578 V,
1077 3507 1247 3586 peccatu
1257 3517 1296 3575 ;t.
1307 3507 1346 3576 X,

370 3651 376 3666 .
394 3606 462 3662 646.

346 3623 366 3682 p
386 3705 397 3740 ¹
416 3710 591 3766 Assemanus
607 3703 696 3777 (Bibt.
710 3710 824 3773 ortena,
841 3715 861 3759 t.
879 3706 932 3774 111,
944 3714 1018 3780 part.
1030 3706 1070 3772 11,
1081 3721 1112 3780 p.
1124 3719 1229 3768 cxxru,
1239 3698 1290 3755 lin.
1306 3702 1346 3772 5),

347 3795 424 3854 hunc
437 3794 576 3872 loquendi
587 3793 706 3853 modum
720 3795 833 3849 telmai
844 3797 919 3850 emto
932 3812 985 3871 per
996 3799 1107 3869 pietate
1120 3793 1241 3868 insigues
1255 3790 1348 3847 inter-

346 3898 488 3962 pretatur.
510 3885 657 3944 Michaelis
685 3895 800 3954 autem,
825 3903 854 3959 p.
877 3884 935 3942 666
958 3885 1056 3942 Lexioi
1069 3880 1189 3960 syriaci,
1206 3891 1298 3950 recte,
1317 3891 1349 3938 nt

347 3976 463 4053 opinor,
478 3974 541 4032 vult
555 3971 638 4032 reddi
655 3974 806 4052 φιλόπονον.

387 4073 397 4108 ¹
419 4081 509 4148 Dym,
525 4097 554 4152 p.
571 4077 660 4132 59-60
676 4072 755 4144 (edit.
773 4074 921 4148 Pococke).
